{
  "ticker": "PPY",
  "data": [
    {
      "quarter": "Q1 2017",
      "income status": {
        "Net sales": 419569,
        "Cost of goods sold": 393039,
        "Gross Profit": 26531,
        "Financial expenses": 2,
        "Of which: Interest expense": "N/A",
        "Cost of sales": 14417,
        "Enterprise cost management": 8035,
        "Total Operating Expenses": 22454,
        "Total revenue financing activities": 6,
        "Net profit from business activities": 4083,
        "Profit": 1944,
        "Profit before tax": 6027,
        "Present corporate income tax expenses": 1205,
        "Deferred income taxes expenses": 9,
        "The interests of minority shareholders": "N/A",
        "Total Cost of profits": 1214,
        "Profit after tax corporate income": 4813,
        "Volume": 8240000,
        "Close of Quarter": 15.7,
        "EPS": 2776,
        "Non-adjusted EPS": 2776,
        "PE": 5.7,
        "Book Price": 14.5
      }
    },
    {
      "quarter": "Q4 2016",
      "income status": {
        "Net sales": 341361,
        "Cost of goods sold": 321700,
        "Gross Profit": 19661,
        "Financial expenses": "N/A",
        "Of which: Interest expense": "N/A",
        "Cost of sales": 10170,
        "Enterprise cost management": 4829,
        "Total Operating Expenses": 14999,
        "Total revenue financing activities": 1878,
        "Net profit from business activities": 6540,
        "Profit": 1499,
        "Profit before tax": 8039,
        "Present corporate income tax expenses": 1279,
        "Deferred income taxes expenses": -9,
        "The interests of minority shareholders": "N/A",
        "Total Cost of profits": 1270,
        "Profit after tax corporate income": 6768,
        "Volume": 8240000,
        "Close of Quarter": 15.7,
        "EPS": 2626,
        "Non-adjusted EPS": 2626,
        "PE": 6.0,
        "Book Price": 14
      }
    },
    {
      "quarter": "Q3 2016",
      "income status": {
        "Net sales": 339624,
        "Cost of goods sold": 315069,
        "Gross Profit": 24555,
        "Financial expenses": "N/A",
        "Of which: Interest expense": "N/A",
        "Cost of sales": 13478,
        "Enterprise cost management": 6176,
        "Total Operating Expenses": 19654,
        "Total revenue financing activities": 10,
        "Net profit from business activities": 4912,
        "Profit": 1526,
        "Profit before tax": 6438,
        "Present corporate income tax expenses": 1290,
        "Deferred income taxes expenses": 5,
        "The interests of minority shareholders": "N/A",
        "Total Cost of profits": 1295,
        "Profit after tax corporate income": 5143,
        "Volume": 8240000,
        "Close of Quarter": 15.9,
        "EPS": 2041,
        "Non-adjusted EPS": 2041,
        "PE": 7.8,
        "Book Price": 13.4
      }
    },
    {
      "quarter": "Q2 2016",
      "income status": {
        "Net sales": 326843,
        "Cost of goods sold": 299192,
        "Gross Profit": 27650,
        "Financial expenses": "N/A",
        "Of which: Interest expense": "N/A",
        "Cost of sales": 14732,
        "Enterprise cost management": 6722,
        "Total Operating Expenses": 21454,
        "Total revenue financing activities": 11,
        "Net profit from business activities": 6206,
        "Profit": 1498,
        "Profit before tax": 7704,
        "Present corporate income tax expenses": 1532,
        "Deferred income taxes expenses": 22,
        "The interests of minority shareholders": "N/A",
        "Total Cost of profits": 1554,
        "Profit after tax corporate income": 6150,
        "Volume": 8240000,
        "Close of Quarter": 15.8,
        "EPS": 2090,
        "Non-adjusted EPS": 2090,
        "PE": 7.6,
        "Book Price": 12.9
      }
    },
    {
      "quarter": "Q1 2016",
      "income status": {
        "Net sales": 312235,
        "Cost of goods sold": 299786,
        "Gross Profit": 12449,
        "Financial expenses": "N/A",
        "Of which: Interest expense": "N/A",
        "Cost of sales": 10854,
        "Enterprise cost management": 942,
        "Total Operating Expenses": 11796,
        "Total revenue financing activities": 1886,
        "Net profit from business activities": 2539,
        "Profit": 1476,
        "Profit before tax": 4015,
        "Present corporate income tax expenses": 224,
        "Deferred income taxes expenses": 212,
        "The interests of minority shareholders": "N/A",
        "Total Cost of profits": 436,
        "Profit after tax corporate income": 3579,
        "Volume": 8240000,
        "Close of Quarter": 17.1,
        "EPS": 1915,
        "Non-adjusted EPS": 1915,
        "PE": 9.0,
        "Book Price": 13.7
      }
    },
    {
      "quarter": "Q3 2015",
      "income status": {
        "Net sales": 396591,
        "Cost of goods sold": 381857,
        "Gross Profit": 14734,
        "Financial expenses": "N/A",
        "Of which: Interest expense": "N/A",
        "Cost of sales": 10332,
        "Enterprise cost management": 5954,
        "Total Operating Expenses": 16286,
        "Total revenue financing activities": 8,
        "Net profit from business activities": -1544,
        "Profit": 4048,
        "Profit before tax": 2504,
        "Present corporate income tax expenses": 559,
        "Deferred income taxes expenses": "N/A",
        "The interests of minority shareholders": "N/A",
        "Total Cost of profits": 559,
        "Profit after tax corporate income": 1945,
        "Volume": 8240000,
        "Close of Quarter": "N/A",
        "EPS": 1480,
        "Non-adjusted EPS": 1480,
        "PE": "N/A",
        "Book Price": "N/A"
      }
    },
    {
      "quarter": "Q1 2015",
      "income status": {
        "Net sales": 512666,
        "Cost of goods sold": 489461,
        "Gross Profit": 23204,
        "Financial expenses": "N/A",
        "Of which: Interest expense": "N/A",
        "Cost of sales": 10812,
        "Enterprise cost management": 5404,
        "Total Operating Expenses": 16216,
        "Total revenue financing activities": 4,
        "Net profit from business activities": 6992,
        "Profit": 143,
        "Profit before tax": 7134,
        "Present corporate income tax expenses": 1454,
        "Deferred income taxes expenses": 134,
        "The interests of minority shareholders": "N/A",
        "Total Cost of profits": 1588,
        "Profit after tax corporate income": 5546,
        "Volume": 8240000,
        "Close of Quarter": "N/A",
        "EPS": 1244,
        "Non-adjusted EPS": 1244,
        "PE": "N/A",
        "Book Price": "N/A"
      }
    },
    {
      "quarter": "Q3 2010",
      "income status": {
        "Net sales": 590256,
        "Cost of goods sold": 556457,
        "Gross Profit": 33799,
        "Financial expenses": 12333,
        "Of which: Interest expense": 10497,
        "Cost of sales": 6346,
        "Enterprise cost management": 8991,
        "Total Operating Expenses": 27670,
        "Total revenue financing activities": 504,
        "Net profit from business activities": 6634,
        "Profit": -229,
        "Profit before tax": 6404,
        "Present corporate income tax expenses": 1697,
        "Deferred income taxes expenses": "N/A",
        "The interests of minority shareholders": "N/A",
        "Total Cost of profits": 1697,
        "Profit after tax corporate income": 4708,
        "Volume": 8240000,
        "Close of Quarter": "N/A",
        "EPS": 571,
        "Non-adjusted EPS": 571,
        "PE": "N/A",
        "Book Price": "N/A"
      }
    }
  ]
}