{
  "ticker": "HLD",
  "data": [
    {
      "quarter": "Q1 2017",
      "income status": {
        "Net sales": 5231,
        "Cost of goods sold": -7074,
        "Gross Profit": 12305,
        "Financial expenses": 3959,
        "Of which: Interest expense": "N/A",
        "Cost of sales": 706,
        "Enterprise cost management": 3701,
        "Total Operating Expenses": 8366,
        "Total revenue financing activities": 911,
        "Net profit from business activities": 4849,
        "Profit": "N/A",
        "Profit before tax": 4850,
        "Present corporate income tax expenses": 1324,
        "Deferred income taxes expenses": "N/A",
        "The interests of minority shareholders": "N/A",
        "Total Cost of profits": 1324,
        "Profit after tax corporate income": 3525,
        "Volume": 40000000,
        "Close of Quarter": 12.5,
        "EPS": 980,
        "Non-adjusted EPS": 980,
        "PE": 12.8,
        "Book Price": 11.7
      }
    },
    {
      "quarter": "Q4 2016",
      "income status": {
        "Net sales": 12785,
        "Cost of goods sold": -2078,
        "Gross Profit": 14863,
        "Financial expenses": 1134,
        "Of which: Interest expense": "N/A",
        "Cost of sales": "N/A",
        "Enterprise cost management": 7864,
        "Total Operating Expenses": 8998,
        "Total revenue financing activities": 2686,
        "Net profit from business activities": 8552,
        "Profit": -206,
        "Profit before tax": 8346,
        "Present corporate income tax expenses": 2891,
        "Deferred income taxes expenses": "N/A",
        "The interests of minority shareholders": "N/A",
        "Total Cost of profits": 2891,
        "Profit after tax corporate income": 5456,
        "Volume": 40000000,
        "Close of Quarter": 11.8,
        "EPS": 1114,
        "Non-adjusted EPS": 1114,
        "PE": 10.6,
        "Book Price": 11.6
      }
    },
    {
      "quarter": "Q3 2016",
      "income status": {
        "Net sales": 39517,
        "Cost of goods sold": 11468,
        "Gross Profit": 28048,
        "Financial expenses": 1854,
        "Of which: Interest expense": "N/A",
        "Cost of sales": "N/A",
        "Enterprise cost management": 5216,
        "Total Operating Expenses": 7070,
        "Total revenue financing activities": 2586,
        "Net profit from business activities": 23564,
        "Profit": "N/A",
        "Profit before tax": 23564,
        "Present corporate income tax expenses": 4713,
        "Deferred income taxes expenses": "N/A",
        "The interests of minority shareholders": "N/A",
        "Total Cost of profits": 4713,
        "Profit after tax corporate income": 18851,
        "Volume": 40000000,
        "Close of Quarter": 11.3,
        "EPS": 1423,
        "Non-adjusted EPS": 1423,
        "PE": 7.9,
        "Book Price": 11.5
      }
    },
    {
      "quarter": "Q2 2016",
      "income status": {
        "Net sales": 44598,
        "Cost of goods sold": 26975,
        "Gross Profit": 17623,
        "Financial expenses": 1801,
        "Of which: Interest expense": "N/A",
        "Cost of sales": 383,
        "Enterprise cost management": 3214,
        "Total Operating Expenses": 5398,
        "Total revenue financing activities": 1998,
        "Net profit from business activities": 14222,
        "Profit": -21,
        "Profit before tax": 14202,
        "Present corporate income tax expenses": 2840,
        "Deferred income taxes expenses": "N/A",
        "The interests of minority shareholders": "N/A",
        "Total Cost of profits": 2840,
        "Profit after tax corporate income": 11361,
        "Volume": 40000000,
        "Close of Quarter": 12.7,
        "EPS": 1129,
        "Non-adjusted EPS": 1129,
        "PE": 11.3,
        "Book Price": 11
      }
    },
    {
      "quarter": "Q1 2016",
      "income status": {
        "Net sales": 28273,
        "Cost of goods sold": 16965,
        "Gross Profit": 11308,
        "Financial expenses": "N/A",
        "Of which: Interest expense": "N/A",
        "Cost of sales": 476,
        "Enterprise cost management": 2549,
        "Total Operating Expenses": 3025,
        "Total revenue financing activities": 2846,
        "Net profit from business activities": 11129,
        "Profit": "N/A",
        "Profit before tax": 11129,
        "Present corporate income tax expenses": 2226,
        "Deferred income taxes expenses": "N/A",
        "The interests of minority shareholders": "N/A",
        "Total Cost of profits": 2226,
        "Profit after tax corporate income": 8903,
        "Volume": 40000000,
        "Close of Quarter": 12.9,
        "EPS": 1110,
        "Non-adjusted EPS": 1110,
        "PE": 11.6,
        "Book Price": 11.6
      }
    },
    {
      "quarter": "Q4 2015",
      "income status": {
        "Net sales": 87742,
        "Cost of goods sold": 53846,
        "Gross Profit": 33896,
        "Financial expenses": "N/A",
        "Of which: Interest expense": "N/A",
        "Cost of sales": 5206,
        "Enterprise cost management": 7997,
        "Total Operating Expenses": 13203,
        "Total revenue financing activities": 2110,
        "Net profit from business activities": 22803,
        "Profit": "N/A",
        "Profit before tax": 22803,
        "Present corporate income tax expenses": 5017,
        "Deferred income taxes expenses": "N/A",
        "The interests of minority shareholders": "N/A",
        "Total Cost of profits": 5017,
        "Profit after tax corporate income": 17786,
        "Volume": 40000000,
        "Close of Quarter": 15.5,
        "EPS": 1282,
        "Non-adjusted EPS": 1282,
        "PE": 12.1,
        "Book Price": 11.3
      }
    },
    {
      "quarter": "Q3 2015",
      "income status": {
        "Net sales": 68765,
        "Cost of goods sold": 56427,
        "Gross Profit": 12338,
        "Financial expenses": "N/A",
        "Of which: Interest expense": "N/A",
        "Cost of sales": 153,
        "Enterprise cost management": 4558,
        "Total Operating Expenses": 4711,
        "Total revenue financing activities": 1870,
        "Net profit from business activities": 9497,
        "Profit": -408,
        "Profit before tax": 9089,
        "Present corporate income tax expenses": 2000,
        "Deferred income taxes expenses": "N/A",
        "The interests of minority shareholders": "N/A",
        "Total Cost of profits": 2000,
        "Profit after tax corporate income": 7090,
        "Volume": 40000000,
        "Close of Quarter": 14.4,
        "EPS": 2092,
        "Non-adjusted EPS": 2092,
        "PE": 6.9,
        "Book Price": 10.9
      }
    },
    {
      "quarter": "Q2 2015",
      "income status": {
        "Net sales": 79649,
        "Cost of goods sold": 63904,
        "Gross Profit": 15745,
        "Financial expenses": "N/A",
        "Of which: Interest expense": -541,
        "Cost of sales": 83,
        "Enterprise cost management": 3483,
        "Total Operating Expenses": 3566,
        "Total revenue financing activities": 1428,
        "Net profit from business activities": 13607,
        "Profit": "N/A",
        "Profit before tax": 13607,
        "Present corporate income tax expenses": 2994,
        "Deferred income taxes expenses": "N/A",
        "The interests of minority shareholders": "N/A",
        "Total Cost of profits": 2994,
        "Profit after tax corporate income": 10613,
        "Volume": 40000000,
        "Close of Quarter": 18.0,
        "EPS": 2022,
        "Non-adjusted EPS": 2022,
        "PE": 8.9,
        "Book Price": 10.7
      }
    },
    {
      "quarter": "Q1 2015",
      "income status": {
        "Net sales": 105394,
        "Cost of goods sold": 83876,
        "Gross Profit": 21518,
        "Financial expenses": 541,
        "Of which: Interest expense": 541,
        "Cost of sales": 303,
        "Enterprise cost management": 1662,
        "Total Operating Expenses": 2506,
        "Total revenue financing activities": 1214,
        "Net profit from business activities": 20227,
        "Profit": 1,
        "Profit before tax": 20228,
        "Present corporate income tax expenses": 4450,
        "Deferred income taxes expenses": "N/A",
        "The interests of minority shareholders": "N/A",
        "Total Cost of profits": 4450,
        "Profit after tax corporate income": 15778,
        "Volume": 40000000,
        "Close of Quarter": 18.5,
        "EPS": 2100,
        "Non-adjusted EPS": 2100,
        "PE": 8.8,
        "Book Price": 11.4
      }
    },
    {
      "quarter": "Q4 2014",
      "income status": {
        "Net sales": 243084,
        "Cost of goods sold": 195151,
        "Gross Profit": 47933,
        "Financial expenses": 657,
        "Of which: Interest expense": 657,
        "Cost of sales": 61,
        "Enterprise cost management": 13393,
        "Total Operating Expenses": 14111,
        "Total revenue financing activities": 730,
        "Net profit from business activities": 34554,
        "Profit": 29802,
        "Profit before tax": 64355,
        "Present corporate income tax expenses": 14158,
        "Deferred income taxes expenses": "N/A",
        "The interests of minority shareholders": "N/A",
        "Total Cost of profits": 14158,
        "Profit after tax corporate income": 50197,
        "Volume": 40000000,
        "Close of Quarter": 14.5,
        "EPS": 2103,
        "Non-adjusted EPS": 2103,
        "PE": 6.9,
        "Book Price": 10.9
      }
    },
    {
      "quarter": "Q3 2014",
      "income status": {
        "Net sales": 22431,
        "Cost of goods sold": 17805,
        "Gross Profit": 4626,
        "Financial expenses": "N/A",
        "Of which: Interest expense": "N/A",
        "Cost of sales": "N/A",
        "Enterprise cost management": 16,
        "Total Operating Expenses": 16,
        "Total revenue financing activities": 915,
        "Net profit from business activities": 5525,
        "Profit": -6,
        "Profit before tax": 5520,
        "Present corporate income tax expenses": 1214,
        "Deferred income taxes expenses": "N/A",
        "The interests of minority shareholders": "N/A",
        "Total Cost of profits": 1214,
        "Profit after tax corporate income": 4305,
        "Volume": 40000000,
        "Close of Quarter": 14.6,
        "EPS": 1603,
        "Non-adjusted EPS": 1603,
        "PE": 9.1,
        "Book Price": 9.6
      }
    },
    {
      "quarter": "Q2 2014",
      "income status": {
        "Net sales": 103198,
        "Cost of goods sold": 83931,
        "Gross Profit": 19267,
        "Financial expenses": "N/A",
        "Of which: Interest expense": "N/A",
        "Cost of sales": 173,
        "Enterprise cost management": 2588,
        "Total Operating Expenses": 2761,
        "Total revenue financing activities": 1067,
        "Net profit from business activities": 17573,
        "Profit": "N/A",
        "Profit before tax": 17574,
        "Present corporate income tax expenses": 3866,
        "Deferred income taxes expenses": "N/A",
        "The interests of minority shareholders": "N/A",
        "Total Cost of profits": 3866,
        "Profit after tax corporate income": 13708,
        "Volume": 40000000,
        "Close of Quarter": 13.6,
        "EPS": 1854,
        "Non-adjusted EPS": 1854,
        "PE": 7.3,
        "Book Price": 9.5
      }
    },
    {
      "quarter": "Q1 2014",
      "income status": {
        "Net sales": 105512,
        "Cost of goods sold": 82818,
        "Gross Profit": 22694,
        "Financial expenses": "N/A",
        "Of which: Interest expense": "N/A",
        "Cost of sales": 932,
        "Enterprise cost management": 2236,
        "Total Operating Expenses": 3168,
        "Total revenue financing activities": 857,
        "Net profit from business activities": 20383,
        "Profit": "N/A",
        "Profit before tax": 20383,
        "Present corporate income tax expenses": 4484,
        "Deferred income taxes expenses": "N/A",
        "The interests of minority shareholders": "N/A",
        "Total Cost of profits": 4484,
        "Profit after tax corporate income": 15899,
        "Volume": 40000000,
        "Close of Quarter": 17.2,
        "EPS": 1921,
        "Non-adjusted EPS": 1921,
        "PE": 8.9,
        "Book Price": 10
      }
    },
    {
      "quarter": "Q4 2013",
      "income status": {
        "Net sales": 113912,
        "Cost of goods sold": 62557,
        "Gross Profit": 51355,
        "Financial expenses": "N/A",
        "Of which: Interest expense": "N/A",
        "Cost of sales": 1526,
        "Enterprise cost management": 10410,
        "Total Operating Expenses": 11936,
        "Total revenue financing activities": 901,
        "Net profit from business activities": 40320,
        "Profit": -31,
        "Profit before tax": 40289,
        "Present corporate income tax expenses": 10072,
        "Deferred income taxes expenses": "N/A",
        "The interests of minority shareholders": "N/A",
        "Total Cost of profits": 10072,
        "Profit after tax corporate income": 30217,
        "Volume": 40000000,
        "Close of Quarter": 13.8,
        "EPS": 1965,
        "Non-adjusted EPS": 1965,
        "PE": 7.0,
        "Book Price": 9.6
      }
    },
    {
      "quarter": "Q3 2013",
      "income status": {
        "Net sales": 68249,
        "Cost of goods sold": 49717,
        "Gross Profit": 18532,
        "Financial expenses": 896,
        "Of which: Interest expense": 896,
        "Cost of sales": 1,
        "Enterprise cost management": 4,
        "Total Operating Expenses": 901,
        "Total revenue financing activities": 1505,
        "Net profit from business activities": 19137,
        "Profit": -45,
        "Profit before tax": 19092,
        "Present corporate income tax expenses": 4773,
        "Deferred income taxes expenses": "N/A",
        "The interests of minority shareholders": "N/A",
        "Total Cost of profits": 4773,
        "Profit after tax corporate income": 14319,
        "Volume": 40000000,
        "Close of Quarter": 10.7,
        "EPS": 2221,
        "Non-adjusted EPS": 2221,
        "PE": 4.8,
        "Book Price": 8.9
      }
    },
    {
      "quarter": "Q2 2013",
      "income status": {
        "Net sales": 158936,
        "Cost of goods sold": 135542,
        "Gross Profit": 23394,
        "Financial expenses": 140,
        "Of which: Interest expense": 507,
        "Cost of sales": "N/A",
        "Enterprise cost management": 2663,
        "Total Operating Expenses": 2803,
        "Total revenue financing activities": 1293,
        "Net profit from business activities": 21885,
        "Profit": "N/A",
        "Profit before tax": 21885,
        "Present corporate income tax expenses": 5471,
        "Deferred income taxes expenses": "N/A",
        "The interests of minority shareholders": "N/A",
        "Total Cost of profits": 5471,
        "Profit after tax corporate income": 16414,
        "Volume": 20000000,
        "Close of Quarter": 10.9,
        "EPS": 2231.5,
        "Non-adjusted EPS": 4463,
        "PE": 2.5,
        "Book Price": 8.5
      }
    },
    {
      "quarter": "Q1 2013",
      "income status": {
        "Net sales": 111148,
        "Cost of goods sold": 87665,
        "Gross Profit": 23483,
        "Financial expenses": 367,
        "Of which: Interest expense": "N/A",
        "Cost of sales": "N/A",
        "Enterprise cost management": 1726,
        "Total Operating Expenses": 2093,
        "Total revenue financing activities": 2169,
        "Net profit from business activities": 23559,
        "Profit": "N/A",
        "Profit before tax": 23559,
        "Present corporate income tax expenses": 5890,
        "Deferred income taxes expenses": "N/A",
        "The interests of minority shareholders": "N/A",
        "Total Cost of profits": 5890,
        "Profit after tax corporate income": 17669,
        "Volume": 20000000,
        "Close of Quarter": 10.5,
        "EPS": 1821.5,
        "Non-adjusted EPS": 3643,
        "PE": 2.9,
        "Book Price": 8.8
      }
    },
    {
      "quarter": "Q4 2012",
      "income status": {
        "Net sales": 241757,
        "Cost of goods sold": 183603,
        "Gross Profit": 58154,
        "Financial expenses": 83,
        "Of which: Interest expense": "N/A",
        "Cost of sales": "N/A",
        "Enterprise cost management": 5902,
        "Total Operating Expenses": 5985,
        "Total revenue financing activities": 1755,
        "Net profit from business activities": 53924,
        "Profit": "N/A",
        "Profit before tax": 53924,
        "Present corporate income tax expenses": 13481,
        "Deferred income taxes expenses": "N/A",
        "The interests of minority shareholders": "N/A",
        "Total Cost of profits": 13481,
        "Profit after tax corporate income": 40443,
        "Volume": 20000000,
        "Close of Quarter": "N/A",
        "EPS": 1379.5,
        "Non-adjusted EPS": 2759,
        "PE": "N/A",
        "Book Price": 8.3
      }
    },
    {
      "quarter": "Q3 2012",
      "income status": {
        "Net sales": 73144,
        "Cost of goods sold": 54636,
        "Gross Profit": 18509,
        "Financial expenses": 833,
        "Of which: Interest expense": "N/A",
        "Cost of sales": 20,
        "Enterprise cost management": 550,
        "Total Operating Expenses": 1403,
        "Total revenue financing activities": 2552,
        "Net profit from business activities": 19658,
        "Profit": -3,
        "Profit before tax": 19655,
        "Present corporate income tax expenses": 4914,
        "Deferred income taxes expenses": "N/A",
        "The interests of minority shareholders": "N/A",
        "Total Cost of profits": 4914,
        "Profit after tax corporate income": 14741,
        "Volume": 20000000,
        "Close of Quarter": "N/A",
        "EPS": 368.5,
        "Non-adjusted EPS": 737,
        "PE": "N/A",
        "Book Price": 7.3
      }
    }
  ]
}