{
  "ticker": "PIC",
  "data": [
    {
      "quarter": "Q1 2017",
      "income status": {
        "Net sales": 26699,
        "Cost of goods sold": 6946,
        "Gross Profit": 19753,
        "Financial expenses": 513,
        "Of which: Interest expense": 511,
        "Cost of sales": "N/A",
        "Enterprise cost management": 628,
        "Total Operating Expenses": 1141,
        "Total revenue financing activities": 313,
        "Net profit from business activities": 18925,
        "Profit": "N/A",
        "Profit before tax": 18925,
        "Present corporate income tax expenses": 955,
        "Deferred income taxes expenses": "N/A",
        "The interests of minority shareholders": "N/A",
        "Total Cost of profits": 955,
        "Profit after tax corporate income": 17970,
        "Volume": 29146707,
        "Close of Quarter": 12.5,
        "EPS": 1250,
        "Non-adjusted EPS": 1250,
        "PE": 10,
        "Book Price": 11.6
      }
    },
    {
      "quarter": "Q4 2016",
      "income status": {
        "Net sales": 26919,
        "Cost of goods sold": 10213,
        "Gross Profit": 16705,
        "Financial expenses": 618,
        "Of which: Interest expense": 529,
        "Cost of sales": "N/A",
        "Enterprise cost management": 3727,
        "Total Operating Expenses": 4345,
        "Total revenue financing activities": 114,
        "Net profit from business activities": 12475,
        "Profit": 61,
        "Profit before tax": 12536,
        "Present corporate income tax expenses": 654,
        "Deferred income taxes expenses": "N/A",
        "The interests of minority shareholders": "N/A",
        "Total Cost of profits": 654,
        "Profit after tax corporate income": 11882,
        "Volume": 29146707,
        "Close of Quarter": 11.2,
        "EPS": 877,
        "Non-adjusted EPS": 877,
        "PE": 12.8,
        "Book Price": 11
      }
    },
    {
      "quarter": "Q3 2016",
      "income status": {
        "Net sales": 9200,
        "Cost of goods sold": 5446,
        "Gross Profit": 3755,
        "Financial expenses": 700,
        "Of which: Interest expense": 700,
        "Cost of sales": "N/A",
        "Enterprise cost management": 642,
        "Total Operating Expenses": 1342,
        "Total revenue financing activities": 200,
        "Net profit from business activities": 2613,
        "Profit": 1,
        "Profit before tax": 2613,
        "Present corporate income tax expenses": 140,
        "Deferred income taxes expenses": "N/A",
        "The interests of minority shareholders": "N/A",
        "Total Cost of profits": 140,
        "Profit after tax corporate income": 2473,
        "Volume": 29146707,
        "Close of Quarter": 11.2,
        "EPS": 710,
        "Non-adjusted EPS": 710,
        "PE": 15.8,
        "Book Price": 10.6
      }
    },
    {
      "quarter": "Q2 2016",
      "income status": {
        "Net sales": 9628,
        "Cost of goods sold": 3668,
        "Gross Profit": 5959,
        "Financial expenses": 804,
        "Of which: Interest expense": 703,
        "Cost of sales": "N/A",
        "Enterprise cost management": 1056,
        "Total Operating Expenses": 1860,
        "Total revenue financing activities": 137,
        "Net profit from business activities": 4236,
        "Profit": 145,
        "Profit before tax": 4381,
        "Present corporate income tax expenses": 286,
        "Deferred income taxes expenses": "N/A",
        "The interests of minority shareholders": "N/A",
        "Total Cost of profits": 286,
        "Profit after tax corporate income": 4095,
        "Volume": 29146707,
        "Close of Quarter": 11.7,
        "EPS": 687,
        "Non-adjusted EPS": 687,
        "PE": 17.0,
        "Book Price": 10.5
      }
    },
    {
      "quarter": "Q1 2016",
      "income status": {
        "Net sales": 12728,
        "Cost of goods sold": 3971,
        "Gross Profit": 8758,
        "Financial expenses": 790,
        "Of which: Interest expense": 790,
        "Cost of sales": "N/A",
        "Enterprise cost management": 651,
        "Total Operating Expenses": 1441,
        "Total revenue financing activities": 190,
        "Net profit from business activities": 7506,
        "Profit": "N/A",
        "Profit before tax": 7506,
        "Present corporate income tax expenses": 380,
        "Deferred income taxes expenses": "N/A",
        "The interests of minority shareholders": "N/A",
        "Total Cost of profits": 380,
        "Profit after tax corporate income": 7126,
        "Volume": 29146707,
        "Close of Quarter": 10.6,
        "EPS": 726,
        "Non-adjusted EPS": 726,
        "PE": 14.7,
        "Book Price": 11.1
      }
    },
    {
      "quarter": "Q4 2015",
      "income status": {
        "Net sales": 21137,
        "Cost of goods sold": 10896,
        "Gross Profit": 10241,
        "Financial expenses": 818,
        "Of which: Interest expense": 218,
        "Cost of sales": "N/A",
        "Enterprise cost management": 2154,
        "Total Operating Expenses": 2972,
        "Total revenue financing activities": 117,
        "Net profit from business activities": 7387,
        "Profit": "N/A",
        "Profit before tax": 7387,
        "Present corporate income tax expenses": 378,
        "Deferred income taxes expenses": "N/A",
        "The interests of minority shareholders": "N/A",
        "Total Cost of profits": 378,
        "Profit after tax corporate income": 7009,
        "Volume": 29146707,
        "Close of Quarter": 9.9,
        "EPS": 858,
        "Non-adjusted EPS": 858,
        "PE": 11.5,
        "Book Price": 10.9
      }
    },
    {
      "quarter": "Q3 2015",
      "income status": {
        "Net sales": 9580,
        "Cost of goods sold": 5594,
        "Gross Profit": 3986,
        "Financial expenses": 969,
        "Of which: Interest expense": 969,
        "Cost of sales": "N/A",
        "Enterprise cost management": 1276,
        "Total Operating Expenses": 2245,
        "Total revenue financing activities": 159,
        "Net profit from business activities": 1899,
        "Profit": "N/A",
        "Profit before tax": 1899,
        "Present corporate income tax expenses": 107,
        "Deferred income taxes expenses": "N/A",
        "The interests of minority shareholders": "N/A",
        "Total Cost of profits": 107,
        "Profit after tax corporate income": 1792,
        "Volume": 27146707,
        "Close of Quarter": 9.6,
        "EPS": 894.1,
        "Non-adjusted EPS": 960,
        "PE": 10,
        "Book Price": 10.6
      }
    },
    {
      "quarter": "Q2 2015",
      "income status": {
        "Net sales": 11120,
        "Cost of goods sold": 4400,
        "Gross Profit": 6720,
        "Financial expenses": 954,
        "Of which: Interest expense": 954,
        "Cost of sales": "N/A",
        "Enterprise cost management": 957,
        "Total Operating Expenses": 1911,
        "Total revenue financing activities": 508,
        "Net profit from business activities": 5317,
        "Profit": 250,
        "Profit before tax": 5567,
        "Present corporate income tax expenses": 329,
        "Deferred income taxes expenses": "N/A",
        "The interests of minority shareholders": "N/A",
        "Total Cost of profits": 329,
        "Profit after tax corporate income": 5238,
        "Volume": 27146707,
        "Close of Quarter": "N/A",
        "EPS": 862.5,
        "Non-adjusted EPS": 926,
        "PE": "N/A",
        "Book Price": 10.6
      }
    },
    {
      "quarter": "Q1 2015",
      "income status": {
        "Net sales": 18457,
        "Cost of goods sold": 4950,
        "Gross Profit": 13507,
        "Financial expenses": 1094,
        "Of which: Interest expense": 1094,
        "Cost of sales": "N/A",
        "Enterprise cost management": 1135,
        "Total Operating Expenses": 2229,
        "Total revenue financing activities": 265,
        "Net profit from business activities": 11543,
        "Profit": "N/A",
        "Profit before tax": 11543,
        "Present corporate income tax expenses": 582,
        "Deferred income taxes expenses": "N/A",
        "The interests of minority shareholders": "N/A",
        "Total Cost of profits": 582,
        "Profit after tax corporate income": 10961,
        "Volume": 27146707,
        "Close of Quarter": "N/A",
        "EPS": 682.7,
        "Non-adjusted EPS": 733,
        "PE": "N/A",
        "Book Price": 10.3
      }
    },
    {
      "quarter": "Q4 2014",
      "income status": {
        "Net sales": 19253,
        "Cost of goods sold": 7422,
        "Gross Profit": 11831,
        "Financial expenses": 1483,
        "Of which: Interest expense": 1255,
        "Cost of sales": "N/A",
        "Enterprise cost management": 2379,
        "Total Operating Expenses": 3862,
        "Total revenue financing activities": 639,
        "Net profit from business activities": 8608,
        "Profit": -93,
        "Profit before tax": 8515,
        "Present corporate income tax expenses": 432,
        "Deferred income taxes expenses": "N/A",
        "The interests of minority shareholders": "N/A",
        "Total Cost of profits": 432,
        "Profit after tax corporate income": 8083,
        "Volume": 27146707,
        "Close of Quarter": "N/A",
        "EPS": 306.4,
        "Non-adjusted EPS": 329,
        "PE": "N/A",
        "Book Price": 9.9
      }
    },
    {
      "quarter": "Q3 2014",
      "income status": {
        "Net sales": 8585,
        "Cost of goods sold": 5319,
        "Gross Profit": 3266,
        "Financial expenses": 1705,
        "Of which: Interest expense": 1617,
        "Cost of sales": "N/A",
        "Enterprise cost management": 1060,
        "Total Operating Expenses": 2765,
        "Total revenue financing activities": 410,
        "Net profit from business activities": 911,
        "Profit": -3,
        "Profit before tax": 908,
        "Present corporate income tax expenses": 55,
        "Deferred income taxes expenses": "N/A",
        "The interests of minority shareholders": "N/A",
        "Total Cost of profits": 55,
        "Profit after tax corporate income": 853,
        "Volume": 27146707,
        "Close of Quarter": "N/A",
        "EPS": 28.9,
        "Non-adjusted EPS": 31,
        "PE": "N/A",
        "Book Price": 9.6
      }
    }
  ]
}