{
  "ticker": "TA9",
  "data": [
    {
      "quarter": "Q1 2017",
      "income status": {
        "Net sales": 199134,
        "Cost of goods sold": 182955,
        "Gross Profit": 16179,
        "Financial expenses": 662,
        "Of which: Interest expense": 662,
        "Cost of sales": "N/A",
        "Enterprise cost management": 12145,
        "Total Operating Expenses": 12807,
        "Total revenue financing activities": 908,
        "Net profit from business activities": 4280,
        "Profit": 120,
        "Profit before tax": 4400,
        "Present corporate income tax expenses": 880,
        "Deferred income taxes expenses": "N/A",
        "The interests of minority shareholders": "N/A",
        "Total Cost of profits": 880,
        "Profit after tax corporate income": 3520,
        "Volume": 11049810,
        "Close of Quarter": 22.1,
        "EPS": 2484,
        "Non-adjusted EPS": 2484,
        "PE": 8.9,
        "Book Price": 11.1
      }
    },
    {
      "quarter": "Q4 2016",
      "income status": {
        "Net sales": 1409996,
        "Cost of goods sold": 1342318,
        "Gross Profit": 67678,
        "Financial expenses": 4178,
        "Of which: Interest expense": 4178,
        "Cost of sales": "N/A",
        "Enterprise cost management": 51925,
        "Total Operating Expenses": 56103,
        "Total revenue financing activities": 1146,
        "Net profit from business activities": 12722,
        "Profit": 1564,
        "Profit before tax": 14286,
        "Present corporate income tax expenses": 2874,
        "Deferred income taxes expenses": "N/A",
        "The interests of minority shareholders": "N/A",
        "Total Cost of profits": 2874,
        "Profit after tax corporate income": 11412,
        "Volume": 11049810,
        "Close of Quarter": 19.6,
        "EPS": 3771,
        "Non-adjusted EPS": 3771,
        "PE": 5.2,
        "Book Price": 13.3
      }
    },
    {
      "quarter": "Q3 2016",
      "income status": {
        "Net sales": 555985,
        "Cost of goods sold": 522383,
        "Gross Profit": 33601,
        "Financial expenses": 1140,
        "Of which: Interest expense": 1140,
        "Cost of sales": "N/A",
        "Enterprise cost management": 22544,
        "Total Operating Expenses": 23684,
        "Total revenue financing activities": 465,
        "Net profit from business activities": 10383,
        "Profit": "N/A",
        "Profit before tax": 10383,
        "Present corporate income tax expenses": 2077,
        "Deferred income taxes expenses": "N/A",
        "The interests of minority shareholders": "N/A",
        "Total Cost of profits": 2077,
        "Profit after tax corporate income": 8306,
        "Volume": 11049810,
        "Close of Quarter": 24.2,
        "EPS": 3458,
        "Non-adjusted EPS": 3458,
        "PE": 7,
        "Book Price": 12.8
      }
    },
    {
      "quarter": "Q2 2016",
      "income status": {
        "Net sales": 273221,
        "Cost of goods sold": 249823,
        "Gross Profit": 23397,
        "Financial expenses": 1685,
        "Of which: Interest expense": 1685,
        "Cost of sales": "N/A",
        "Enterprise cost management": 17895,
        "Total Operating Expenses": 19580,
        "Total revenue financing activities": 338,
        "Net profit from business activities": 4154,
        "Profit": 1102,
        "Profit before tax": 5256,
        "Present corporate income tax expenses": 1051,
        "Deferred income taxes expenses": "N/A",
        "The interests of minority shareholders": "N/A",
        "Total Cost of profits": 1051,
        "Profit after tax corporate income": 4205,
        "Volume": 11049810,
        "Close of Quarter": 28.9,
        "EPS": 3591,
        "Non-adjusted EPS": 3591,
        "PE": 8.0,
        "Book Price": 12
      }
    },
    {
      "quarter": "Q1 2016",
      "income status": {
        "Net sales": 456792,
        "Cost of goods sold": 422671,
        "Gross Profit": 34121,
        "Financial expenses": 838,
        "Of which: Interest expense": 838,
        "Cost of sales": "N/A",
        "Enterprise cost management": 12087,
        "Total Operating Expenses": 12925,
        "Total revenue financing activities": 790,
        "Net profit from business activities": 21986,
        "Profit": 202,
        "Profit before tax": 22189,
        "Present corporate income tax expenses": 4438,
        "Deferred income taxes expenses": "N/A",
        "The interests of minority shareholders": "N/A",
        "Total Cost of profits": 4438,
        "Profit after tax corporate income": 17751,
        "Volume": 8185165,
        "Close of Quarter": 17.5,
        "EPS": 4195.6,
        "Non-adjusted EPS": 5664,
        "PE": 3.1,
        "Book Price": 11.6
      }
    },
    {
      "quarter": "Q4 2015",
      "income status": {
        "Net sales": 1184488,
        "Cost of goods sold": 1128982,
        "Gross Profit": 55507,
        "Financial expenses": 7765,
        "Of which: Interest expense": 7765,
        "Cost of sales": "N/A",
        "Enterprise cost management": 40096,
        "Total Operating Expenses": 47861,
        "Total revenue financing activities": 387,
        "Net profit from business activities": 8033,
        "Profit": 2288,
        "Profit before tax": 10320,
        "Present corporate income tax expenses": 2376,
        "Deferred income taxes expenses": "N/A",
        "The interests of minority shareholders": "N/A",
        "Total Cost of profits": 2376,
        "Profit after tax corporate income": 7944,
        "Volume": 8185165,
        "Close of Quarter": 12.9,
        "EPS": 3016.3,
        "Non-adjusted EPS": 4072,
        "PE": 3.2,
        "Book Price": 10
      }
    },
    {
      "quarter": "Q3 2015",
      "income status": {
        "Net sales": 652494,
        "Cost of goods sold": 623980,
        "Gross Profit": 28514,
        "Financial expenses": 542,
        "Of which: Interest expense": 542,
        "Cost of sales": "N/A",
        "Enterprise cost management": 15852,
        "Total Operating Expenses": 16394,
        "Total revenue financing activities": 103,
        "Net profit from business activities": 12224,
        "Profit": 313,
        "Profit before tax": 12537,
        "Present corporate income tax expenses": 2758,
        "Deferred income taxes expenses": "N/A",
        "The interests of minority shareholders": "N/A",
        "Total Cost of profits": 2758,
        "Profit after tax corporate income": 9779,
        "Volume": 8185165,
        "Close of Quarter": 11.8,
        "EPS": 3368.2,
        "Non-adjusted EPS": 4547,
        "PE": 2.6,
        "Book Price": 9.7
      }
    },
    {
      "quarter": "Q2 2015",
      "income status": {
        "Net sales": 340086,
        "Cost of goods sold": 312817,
        "Gross Profit": 27269,
        "Financial expenses": 1171,
        "Of which: Interest expense": 1171,
        "Cost of sales": "N/A",
        "Enterprise cost management": 12661,
        "Total Operating Expenses": 13832,
        "Total revenue financing activities": 70,
        "Net profit from business activities": 13506,
        "Profit": 447,
        "Profit before tax": 13954,
        "Present corporate income tax expenses": 3070,
        "Deferred income taxes expenses": "N/A",
        "The interests of minority shareholders": "N/A",
        "Total Cost of profits": 3070,
        "Profit after tax corporate income": 10884,
        "Volume": "N/A",
        "Close of Quarter": "N/A",
        "EPS": "N/A",
        "Non-adjusted EPS": " ",
        "PE": "N/A",
        "Book Price": "N/A"
      }
    },
    {
      "quarter": "Q1 2015",
      "income status": {
        "Net sales": 164565,
        "Cost of goods sold": 151361,
        "Gross Profit": 13204,
        "Financial expenses": 326,
        "Of which: Interest expense": 326,
        "Cost of sales": "N/A",
        "Enterprise cost management": 6901,
        "Total Operating Expenses": 7227,
        "Total revenue financing activities": 77,
        "Net profit from business activities": 6054,
        "Profit": "N/A",
        "Profit before tax": 6054,
        "Present corporate income tax expenses": 1332,
        "Deferred income taxes expenses": "N/A",
        "The interests of minority shareholders": "N/A",
        "Total Cost of profits": 1332,
        "Profit after tax corporate income": 4722,
        "Volume": "N/A",
        "Close of Quarter": "N/A",
        "EPS": "",
        "Non-adjusted EPS": "N/A",
        "PE": "N/A",
        "Book Price": "N/A"
      }
    },
    {
      "quarter": "Q3 2014",
      "income status": {
        "Net sales": 327707,
        "Cost of goods sold": 301279,
        "Gross Profit": 26428,
        "Financial expenses": 2510,
        "Of which: Interest expense": 2510,
        "Cost of sales": "N/A",
        "Enterprise cost management": 8824,
        "Total Operating Expenses": 11334,
        "Total revenue financing activities": 37,
        "Net profit from business activities": 15131,
        "Profit": 35,
        "Profit before tax": 15166,
        "Present corporate income tax expenses": 3337,
        "Deferred income taxes expenses": "N/A",
        "The interests of minority shareholders": "N/A",
        "Total Cost of profits": 3337,
        "Profit after tax corporate income": 11830,
        "Volume": "N/A",
        "Close of Quarter": "N/A",
        "EPS": "",
        "Non-adjusted EPS": "N/A",
        "PE": "N/A",
        "Book Price": "N/A"
      }
    },
    {
      "quarter": "Q1 2014",
      "income status": {
        "Net sales": 65611,
        "Cost of goods sold": 60282,
        "Gross Profit": 5329,
        "Financial expenses": 6,
        "Of which: Interest expense": 6,
        "Cost of sales": "N/A",
        "Enterprise cost management": 4177,
        "Total Operating Expenses": 4183,
        "Total revenue financing activities": 192,
        "Net profit from business activities": 1339,
        "Profit": "N/A",
        "Profit before tax": 1339,
        "Present corporate income tax expenses": 295,
        "Deferred income taxes expenses": "N/A",
        "The interests of minority shareholders": "N/A",
        "Total Cost of profits": 295,
        "Profit after tax corporate income": 1045,
        "Volume": "N/A",
        "Close of Quarter": "N/A",
        "EPS": " ",
        "Non-adjusted EPS": "",
        "PE": "N/A",
        "Book Price": "N/A"
      }
    }
  ]
}