{
  "ticker": "VPD",
  "data": [
    {
      "quarter": "Q1 2017",
      "income status": {
        "Net sales": 101061,
        "Cost of goods sold": 59179,
        "Gross Profit": 41882,
        "Financial expenses": 28861,
        "Of which: Interest expense": 28765,
        "Cost of sales": "N/A",
        "Enterprise cost management": 5911,
        "Total Operating Expenses": 34772,
        "Total revenue financing activities": 568,
        "Net profit from business activities": 7678,
        "Profit": -66,
        "Profit before tax": 7612,
        "Present corporate income tax expenses": 536,
        "Deferred income taxes expenses": "N/A",
        "The interests of minority shareholders": "N/A",
        "Total Cost of profits": 536,
        "Profit after tax corporate income": 7076,
        "Volume": 102493098,
        "Close of Quarter": 11.9,
        "EPS": 881,
        "Non-adjusted EPS": 881,
        "PE": 13.5,
        "Book Price": 10.9
      }
    },
    {
      "quarter": "Q4 2016",
      "income status": {
        "Net sales": 123704,
        "Cost of goods sold": 66372,
        "Gross Profit": 57332,
        "Financial expenses": 29690,
        "Of which: Interest expense": 29194,
        "Cost of sales": "N/A",
        "Enterprise cost management": 10386,
        "Total Operating Expenses": 40076,
        "Total revenue financing activities": 689,
        "Net profit from business activities": 17945,
        "Profit": -779,
        "Profit before tax": 17167,
        "Present corporate income tax expenses": 1267,
        "Deferred income taxes expenses": "N/A",
        "The interests of minority shareholders": "N/A",
        "Total Cost of profits": 1267,
        "Profit after tax corporate income": 15900,
        "Volume": 102493098,
        "Close of Quarter": 11.5,
        "EPS": 541,
        "Non-adjusted EPS": 541,
        "PE": 21.3,
        "Book Price": 10.8
      }
    },
    {
      "quarter": "Q3 2016",
      "income status": {
        "Net sales": 166797,
        "Cost of goods sold": 66632,
        "Gross Profit": 100165,
        "Financial expenses": 30618,
        "Of which: Interest expense": 30523,
        "Cost of sales": "N/A",
        "Enterprise cost management": 6417,
        "Total Operating Expenses": 37035,
        "Total revenue financing activities": 507,
        "Net profit from business activities": 63637,
        "Profit": -14,
        "Profit before tax": 63623,
        "Present corporate income tax expenses": 13,
        "Deferred income taxes expenses": "N/A",
        "The interests of minority shareholders": "N/A",
        "Total Cost of profits": 13,
        "Profit after tax corporate income": 63610,
        "Volume": 99996671,
        "Close of Quarter": 10.8,
        "EPS": 322.0,
        "Non-adjusted EPS": 330,
        "PE": 32.8,
        "Book Price": 11.1
      }
    },
    {
      "quarter": "Q2 2016",
      "income status": {
        "Net sales": 99971,
        "Cost of goods sold": 57933,
        "Gross Profit": 42038,
        "Financial expenses": 33388,
        "Of which: Interest expense": 33930,
        "Cost of sales": "N/A",
        "Enterprise cost management": 5514,
        "Total Operating Expenses": 38902,
        "Total revenue financing activities": 467,
        "Net profit from business activities": 3604,
        "Profit": 134,
        "Profit before tax": 3738,
        "Present corporate income tax expenses": "N/A",
        "Deferred income taxes expenses": "N/A",
        "The interests of minority shareholders": "N/A",
        "Total Cost of profits": 0,
        "Profit after tax corporate income": 3738,
        "Volume": 99996671,
        "Close of Quarter": 10.5,
        "EPS": 225.4,
        "Non-adjusted EPS": 231,
        "PE": 45.2,
        "Book Price": 10.5
      }
    },
    {
      "quarter": "Q1 2016",
      "income status": {
        "Net sales": 58271,
        "Cost of goods sold": 52960,
        "Gross Profit": 5311,
        "Financial expenses": 28136,
        "Of which: Interest expense": 28103,
        "Cost of sales": "N/A",
        "Enterprise cost management": 5367,
        "Total Operating Expenses": 33503,
        "Total revenue financing activities": 479,
        "Net profit from business activities": -27713,
        "Profit": -66,
        "Profit before tax": -27779,
        "Present corporate income tax expenses": "N/A",
        "Deferred income taxes expenses": "N/A",
        "The interests of minority shareholders": "N/A",
        "Total Cost of profits": 0,
        "Profit after tax corporate income": -27779,
        "Volume": 99996671,
        "Close of Quarter": "N/A",
        "EPS": 121.0,
        "Non-adjusted EPS": 124,
        "PE": "N/A",
        "Book Price": 10.5
      }
    },
    {
      "quarter": "Q4 2015",
      "income status": {
        "Net sales": 92691,
        "Cost of goods sold": 59184,
        "Gross Profit": 33507,
        "Financial expenses": 32398,
        "Of which: Interest expense": 32405,
        "Cost of sales": "N/A",
        "Enterprise cost management": 8003,
        "Total Operating Expenses": 40401,
        "Total revenue financing activities": 346,
        "Net profit from business activities": -6548,
        "Profit": -121,
        "Profit before tax": -6670,
        "Present corporate income tax expenses": -99,
        "Deferred income taxes expenses": "N/A",
        "The interests of minority shareholders": "N/A",
        "Total Cost of profits": -99,
        "Profit after tax corporate income": -6570,
        "Volume": 99996671,
        "Close of Quarter": "N/A",
        "EPS": 422.5,
        "Non-adjusted EPS": 433,
        "PE": "N/A",
        "Book Price": 10.7
      }
    },
    {
      "quarter": "Q3 2015",
      "income status": {
        "Net sales": 159803,
        "Cost of goods sold": 62759,
        "Gross Profit": 97044,
        "Financial expenses": 34691,
        "Of which: Interest expense": 34126,
        "Cost of sales": "N/A",
        "Enterprise cost management": 6699,
        "Total Operating Expenses": 41390,
        "Total revenue financing activities": 54,
        "Net profit from business activities": 55708,
        "Profit": -54,
        "Profit before tax": 55654,
        "Present corporate income tax expenses": 1985,
        "Deferred income taxes expenses": "N/A",
        "The interests of minority shareholders": "N/A",
        "Total Cost of profits": 1985,
        "Profit after tax corporate income": 53669,
        "Volume": 99996671,
        "Close of Quarter": "N/A",
        "EPS": 486.9,
        "Non-adjusted EPS": 499,
        "PE": "N/A",
        "Book Price": 10.2
      }
    },
    {
      "quarter": "Q2 2015",
      "income status": {
        "Net sales": 87540,
        "Cost of goods sold": 54881,
        "Gross Profit": 32659,
        "Financial expenses": 34968,
        "Of which: Interest expense": 34745,
        "Cost of sales": "N/A",
        "Enterprise cost management": 5100,
        "Total Operating Expenses": 40068,
        "Total revenue financing activities": 158,
        "Net profit from business activities": -7251,
        "Profit": -71,
        "Profit before tax": -7321,
        "Present corporate income tax expenses": -409,
        "Deferred income taxes expenses": "N/A",
        "The interests of minority shareholders": "N/A",
        "Total Cost of profits": -409,
        "Profit after tax corporate income": -6912,
        "Volume": 99996671,
        "Close of Quarter": "N/A",
        "EPS": -37.1,
        "Non-adjusted EPS": -38,
        "PE": "N/A",
        "Book Price": 9.7
      }
    },
    {
      "quarter": "Q1 2015",
      "income status": {
        "Net sales": 100602,
        "Cost of goods sold": 56291,
        "Gross Profit": 44310,
        "Financial expenses": 35061,
        "Of which: Interest expense": 34882,
        "Cost of sales": "N/A",
        "Enterprise cost management": 6023,
        "Total Operating Expenses": 41084,
        "Total revenue financing activities": 348,
        "Net profit from business activities": 3575,
        "Profit": -71,
        "Profit before tax": 3504,
        "Present corporate income tax expenses": 409,
        "Deferred income taxes expenses": "N/A",
        "The interests of minority shareholders": "N/A",
        "Total Cost of profits": 409,
        "Profit after tax corporate income": 3094,
        "Volume": 99996671,
        "Close of Quarter": "N/A",
        "EPS": 30.2,
        "Non-adjusted EPS": 31,
        "PE": "N/A",
        "Book Price": 10.2
      }
    }
  ]
}