{
  "ticker": "DSN",
  "data": [
    {
      "quarter": "Q1 2017",
      "income status": {
        "Net sales": 50025,
        "Cost of goods sold": 18246,
        "Gross Profit": 31779,
        "Financial expenses": "N/A",
        "Of which: Interest expense": "N/A",
        "Cost of sales": 3800,
        "Enterprise cost management": 3723,
        "Total Operating Expenses": 7523,
        "Total revenue financing activities": 439,
        "Net profit from business activities": 24696,
        "Profit": 1,
        "Profit before tax": 24697,
        "Present corporate income tax expenses": 4939,
        "Deferred income taxes expenses": "N/A",
        "The interests of minority shareholders": "N/A",
        "Total Cost of profits": 4939,
        "Profit after tax corporate income": 19758,
        "Volume": 12083009,
        "Close of Quarter": 60.7,
        "EPS": 6391,
        "Non-adjusted EPS": 6391,
        "PE": 9.5,
        "Book Price": 13.5
      }
    },
    {
      "quarter": "Q4 2016",
      "income status": {
        "Net sales": 21094,
        "Cost of goods sold": 12751,
        "Gross Profit": 8342,
        "Financial expenses": 2047,
        "Of which: Interest expense": "N/A",
        "Cost of sales": 2827,
        "Enterprise cost management": 4676,
        "Total Operating Expenses": 9550,
        "Total revenue financing activities": 6137,
        "Net profit from business activities": 4930,
        "Profit": 3,
        "Profit before tax": 4932,
        "Present corporate income tax expenses": 1309,
        "Deferred income taxes expenses": "N/A",
        "The interests of minority shareholders": "N/A",
        "Total Cost of profits": 1309,
        "Profit after tax corporate income": 3623,
        "Volume": 12083009,
        "Close of Quarter": 60.4,
        "EPS": 6322,
        "Non-adjusted EPS": 6322,
        "PE": 9.6,
        "Book Price": 17.8
      }
    },
    {
      "quarter": "Q3 2016",
      "income status": {
        "Net sales": 49637,
        "Cost of goods sold": 17012,
        "Gross Profit": 32625,
        "Financial expenses": "N/A",
        "Of which: Interest expense": "N/A",
        "Cost of sales": 3544,
        "Enterprise cost management": 3880,
        "Total Operating Expenses": 7424,
        "Total revenue financing activities": 288,
        "Net profit from business activities": 25489,
        "Profit": 1,
        "Profit before tax": 25490,
        "Present corporate income tax expenses": 5098,
        "Deferred income taxes expenses": "N/A",
        "The interests of minority shareholders": "N/A",
        "Total Cost of profits": 5098,
        "Profit after tax corporate income": 20392,
        "Volume": 12083009,
        "Close of Quarter": 60.2,
        "EPS": 6464,
        "Non-adjusted EPS": 6464,
        "PE": 9.3,
        "Book Price": 17.5
      }
    },
    {
      "quarter": "Q2 2016",
      "income status": {
        "Net sales": 64475,
        "Cost of goods sold": 19803,
        "Gross Profit": 44672,
        "Financial expenses": "N/A",
        "Of which: Interest expense": "N/A",
        "Cost of sales": 3327,
        "Enterprise cost management": 3342,
        "Total Operating Expenses": 6669,
        "Total revenue financing activities": 3794,
        "Net profit from business activities": 41797,
        "Profit": 11,
        "Profit before tax": 41807,
        "Present corporate income tax expenses": 8361,
        "Deferred income taxes expenses": "N/A",
        "The interests of minority shareholders": "N/A",
        "Total Cost of profits": 8361,
        "Profit after tax corporate income": 33446,
        "Volume": 12083009,
        "Close of Quarter": 63.9,
        "EPS": 6375,
        "Non-adjusted EPS": 6375,
        "PE": 10.0,
        "Book Price": 15.8
      }
    },
    {
      "quarter": "Q1 2016",
      "income status": {
        "Net sales": 47787,
        "Cost of goods sold": 17212,
        "Gross Profit": 30575,
        "Financial expenses": "N/A",
        "Of which: Interest expense": "N/A",
        "Cost of sales": 3625,
        "Enterprise cost management": 3869,
        "Total Operating Expenses": 7494,
        "Total revenue financing activities": 581,
        "Net profit from business activities": 23662,
        "Profit": 2,
        "Profit before tax": 23664,
        "Present corporate income tax expenses": 4733,
        "Deferred income taxes expenses": "N/A",
        "The interests of minority shareholders": "N/A",
        "Total Cost of profits": 4733,
        "Profit after tax corporate income": 18931,
        "Volume": 8450000,
        "Close of Quarter": 55.5,
        "EPS": 6056.2,
        "Non-adjusted EPS": 8660,
        "PE": 6.4,
        "Book Price": 13.0
      }
    },
    {
      "quarter": "Q4 2015",
      "income status": {
        "Net sales": 23584,
        "Cost of goods sold": 12533,
        "Gross Profit": 11051,
        "Financial expenses": "N/A",
        "Of which: Interest expense": "N/A",
        "Cost of sales": 2016,
        "Enterprise cost management": 4078,
        "Total Operating Expenses": 6094,
        "Total revenue financing activities": 2313,
        "Net profit from business activities": 7271,
        "Profit": 3,
        "Profit before tax": 7274,
        "Present corporate income tax expenses": 1941,
        "Deferred income taxes expenses": "N/A",
        "The interests of minority shareholders": "N/A",
        "Total Cost of profits": 1941,
        "Profit after tax corporate income": 5333,
        "Volume": 8450000,
        "Close of Quarter": 51.2,
        "EPS": 5833.8,
        "Non-adjusted EPS": 8342,
        "PE": 6.1,
        "Book Price": 15.6
      }
    },
    {
      "quarter": "Q3 2015",
      "income status": {
        "Net sales": 45481,
        "Cost of goods sold": 15211,
        "Gross Profit": 30270,
        "Financial expenses": "N/A",
        "Of which: Interest expense": "N/A",
        "Cost of sales": 4141,
        "Enterprise cost management": 3566,
        "Total Operating Expenses": 7707,
        "Total revenue financing activities": 2196,
        "Net profit from business activities": 24759,
        "Profit": 6,
        "Profit before tax": 24765,
        "Present corporate income tax expenses": 5448,
        "Deferred income taxes expenses": "N/A",
        "The interests of minority shareholders": "N/A",
        "Total Cost of profits": 5448,
        "Profit after tax corporate income": 19317,
        "Volume": 8450000,
        "Close of Quarter": 37.1,
        "EPS": 5997.5,
        "Non-adjusted EPS": 8576,
        "PE": 4.3,
        "Book Price": 15.2
      }
    },
    {
      "quarter": "Q2 2015",
      "income status": {
        "Net sales": 62428,
        "Cost of goods sold": 19133,
        "Gross Profit": 43295,
        "Financial expenses": 3,
        "Of which: Interest expense": 3,
        "Cost of sales": 3124,
        "Enterprise cost management": 3965,
        "Total Operating Expenses": 7092,
        "Total revenue financing activities": 1734,
        "Net profit from business activities": 37938,
        "Profit": 5,
        "Profit before tax": 37943,
        "Present corporate income tax expenses": 8347,
        "Deferred income taxes expenses": "N/A",
        "The interests of minority shareholders": "N/A",
        "Total Cost of profits": 8347,
        "Profit after tax corporate income": 29596,
        "Volume": 8450000,
        "Close of Quarter": 36.2,
        "EPS": 5880.7,
        "Non-adjusted EPS": 8409,
        "PE": 4.3,
        "Book Price": 13.6
      }
    },
    {
      "quarter": "Q1 2015",
      "income status": {
        "Net sales": 40284,
        "Cost of goods sold": 14983,
        "Gross Profit": 25300,
        "Financial expenses": "N/A",
        "Of which: Interest expense": "N/A",
        "Cost of sales": 2976,
        "Enterprise cost management": 3304,
        "Total Operating Expenses": 6280,
        "Total revenue financing activities": 1806,
        "Net profit from business activities": 20827,
        "Profit": 2,
        "Profit before tax": 20829,
        "Present corporate income tax expenses": 4582,
        "Deferred income taxes expenses": "N/A",
        "The interests of minority shareholders": "N/A",
        "Total Cost of profits": 4582,
        "Profit after tax corporate income": 16247,
        "Volume": 8450000,
        "Close of Quarter": 36.5,
        "EPS": 5517.0,
        "Non-adjusted EPS": 7889,
        "PE": 4.6,
        "Book Price": 13.2
      }
    },
    {
      "quarter": "Q4 2014",
      "income status": {
        "Net sales": 24819,
        "Cost of goods sold": 13598,
        "Gross Profit": 11221,
        "Financial expenses": 14,
        "Of which: Interest expense": "N/A",
        "Cost of sales": 2535,
        "Enterprise cost management": 2660,
        "Total Operating Expenses": 5209,
        "Total revenue financing activities": 3803,
        "Net profit from business activities": 9815,
        "Profit": 2,
        "Profit before tax": 9817,
        "Present corporate income tax expenses": 2507,
        "Deferred income taxes expenses": "N/A",
        "The interests of minority shareholders": "N/A",
        "Total Cost of profits": 2507,
        "Profit after tax corporate income": 7310,
        "Volume": 8450000,
        "Close of Quarter": 33.1,
        "EPS": 5650.6,
        "Non-adjusted EPS": 8080,
        "PE": 4.1,
        "Book Price": 13.8
      }
    },
    {
      "quarter": "Q3 2014",
      "income status": {
        "Net sales": 43902,
        "Cost of goods sold": 15354,
        "Gross Profit": 28548,
        "Financial expenses": "N/A",
        "Of which: Interest expense": "N/A",
        "Cost of sales": 3464,
        "Enterprise cost management": 3104,
        "Total Operating Expenses": 6568,
        "Total revenue financing activities": 977,
        "Net profit from business activities": 22957,
        "Profit": "N/A",
        "Profit before tax": 22958,
        "Present corporate income tax expenses": 5051,
        "Deferred income taxes expenses": "N/A",
        "The interests of minority shareholders": "N/A",
        "Total Cost of profits": 5051,
        "Profit after tax corporate income": 17907,
        "Volume": 8450000,
        "Close of Quarter": 32.3,
        "EPS": 5443.6,
        "Non-adjusted EPS": 7784,
        "PE": 4.2,
        "Book Price": 14.6
      }
    },
    {
      "quarter": "Q2 2014",
      "income status": {
        "Net sales": 53349,
        "Cost of goods sold": 17051,
        "Gross Profit": 36298,
        "Financial expenses": 448,
        "Of which: Interest expense": "N/A",
        "Cost of sales": 2873,
        "Enterprise cost management": 2797,
        "Total Operating Expenses": 6118,
        "Total revenue financing activities": 2129,
        "Net profit from business activities": 32309,
        "Profit": 1,
        "Profit before tax": 32310,
        "Present corporate income tax expenses": 7108,
        "Deferred income taxes expenses": "N/A",
        "The interests of minority shareholders": "N/A",
        "Total Cost of profits": 7108,
        "Profit after tax corporate income": 25201,
        "Volume": 8450000,
        "Close of Quarter": 29.7,
        "EPS": 5310.7,
        "Non-adjusted EPS": 7594,
        "PE": 3.9,
        "Book Price": 13.1
      }
    },
    {
      "quarter": "Q1 2014",
      "income status": {
        "Net sales": 42186,
        "Cost of goods sold": 15694,
        "Gross Profit": 26491,
        "Financial expenses": "N/A",
        "Of which: Interest expense": "N/A",
        "Cost of sales": 2725,
        "Enterprise cost management": 3039,
        "Total Operating Expenses": 5764,
        "Total revenue financing activities": 2169,
        "Net profit from business activities": 22896,
        "Profit": 1,
        "Profit before tax": 22897,
        "Present corporate income tax expenses": 5037,
        "Deferred income taxes expenses": "N/A",
        "The interests of minority shareholders": "N/A",
        "Total Cost of profits": 5037,
        "Profit after tax corporate income": 17860,
        "Volume": 8450000,
        "Close of Quarter": 32.1,
        "EPS": 5399.5,
        "Non-adjusted EPS": 7721,
        "PE": 4.2,
        "Book Price": 11.0
      }
    },
    {
      "quarter": "Q4 2013",
      "income status": {
        "Net sales": 24096,
        "Cost of goods sold": 13961,
        "Gross Profit": 10135,
        "Financial expenses": 3015,
        "Of which: Interest expense": "N/A",
        "Cost of sales": 1814,
        "Enterprise cost management": 2320,
        "Total Operating Expenses": 7149,
        "Total revenue financing activities": 3952,
        "Net profit from business activities": 6938,
        "Profit": -3,
        "Profit before tax": 6935,
        "Present corporate income tax expenses": 2129,
        "Deferred income taxes expenses": "N/A",
        "The interests of minority shareholders": "N/A",
        "Total Cost of profits": 2129,
        "Profit after tax corporate income": 4807,
        "Volume": 8450000,
        "Close of Quarter": 29.4,
        "EPS": 5559.7,
        "Non-adjusted EPS": 7950,
        "PE": 3.7,
        "Book Price": 13.1
      }
    },
    {
      "quarter": "Q3 2013",
      "income status": {
        "Net sales": 41338,
        "Cost of goods sold": 15170,
        "Gross Profit": 26167,
        "Financial expenses": "N/A",
        "Of which: Interest expense": "N/A",
        "Cost of sales": 3240,
        "Enterprise cost management": 2509,
        "Total Operating Expenses": 5749,
        "Total revenue financing activities": 1317,
        "Net profit from business activities": 21735,
        "Profit": 1,
        "Profit before tax": 21735,
        "Present corporate income tax expenses": 5434,
        "Deferred income taxes expenses": "N/A",
        "The interests of minority shareholders": "N/A",
        "Total Cost of profits": 5434,
        "Profit after tax corporate income": 16301,
        "Volume": 8450000,
        "Close of Quarter": 30.3,
        "EPS": 5870.2,
        "Non-adjusted EPS": 8394,
        "PE": 3.6,
        "Book Price": 12.7
      }
    },
    {
      "quarter": "Q2 2013",
      "income status": {
        "Net sales": 57040,
        "Cost of goods sold": 19338,
        "Gross Profit": 37702,
        "Financial expenses": "N/A",
        "Of which: Interest expense": "N/A",
        "Cost of sales": 2952,
        "Enterprise cost management": 3031,
        "Total Operating Expenses": 5983,
        "Total revenue financing activities": 3037,
        "Net profit from business activities": 34756,
        "Profit": 279,
        "Profit before tax": 35035,
        "Present corporate income tax expenses": 8759,
        "Deferred income taxes expenses": "N/A",
        "The interests of minority shareholders": "N/A",
        "Total Cost of profits": 8759,
        "Profit after tax corporate income": 26277,
        "Volume": 8450000,
        "Close of Quarter": 29.2,
        "EPS": 5968.8,
        "Non-adjusted EPS": 8535,
        "PE": 3.4,
        "Book Price": 12.7
      }
    },
    {
      "quarter": "Q1 2013",
      "income status": {
        "Net sales": 48468,
        "Cost of goods sold": 18631,
        "Gross Profit": 29837,
        "Financial expenses": "N/A",
        "Of which: Interest expense": "N/A",
        "Cost of sales": 2991,
        "Enterprise cost management": 3264,
        "Total Operating Expenses": 6255,
        "Total revenue financing activities": 2769,
        "Net profit from business activities": 26351,
        "Profit": 39,
        "Profit before tax": 26389,
        "Present corporate income tax expenses": 6597,
        "Deferred income taxes expenses": "N/A",
        "The interests of minority shareholders": "N/A",
        "Total Cost of profits": 6597,
        "Profit after tax corporate income": 19792,
        "Volume": 8450000,
        "Close of Quarter": 27.3,
        "EPS": 5644.3,
        "Non-adjusted EPS": 8071,
        "PE": 3.4,
        "Book Price": 10.5
      }
    },
    {
      "quarter": "Q4 2012",
      "income status": {
        "Net sales": 23703,
        "Cost of goods sold": 13591,
        "Gross Profit": 10113,
        "Financial expenses": "N/A",
        "Of which: Interest expense": "N/A",
        "Cost of sales": 1568,
        "Enterprise cost management": 2587,
        "Total Operating Expenses": 4155,
        "Total revenue financing activities": 5014,
        "Net profit from business activities": 10971,
        "Profit": 825,
        "Profit before tax": 11796,
        "Present corporate income tax expenses": 3233,
        "Deferred income taxes expenses": "N/A",
        "The interests of minority shareholders": "N/A",
        "Total Cost of profits": 3233,
        "Profit after tax corporate income": 8562,
        "Volume": 8450000,
        "Close of Quarter": 18.6,
        "EPS": 5376.4,
        "Non-adjusted EPS": 7688,
        "PE": 2.4,
        "Book Price": 13.3
      }
    },
    {
      "quarter": "Q3 2012",
      "income status": {
        "Net sales": 40184,
        "Cost of goods sold": 15700,
        "Gross Profit": 24484,
        "Financial expenses": 1005,
        "Of which: Interest expense": "N/A",
        "Cost of sales": 3095,
        "Enterprise cost management": 2283,
        "Total Operating Expenses": 6383,
        "Total revenue financing activities": 4765,
        "Net profit from business activities": 22866,
        "Profit": 55,
        "Profit before tax": 22920,
        "Present corporate income tax expenses": 5429,
        "Deferred income taxes expenses": "N/A",
        "The interests of minority shareholders": "N/A",
        "Total Cost of profits": 5429,
        "Profit after tax corporate income": 17492,
        "Volume": 8450000,
        "Close of Quarter": 16.0,
        "EPS": 5511.4,
        "Non-adjusted EPS": 7881,
        "PE": 2.0,
        "Book Price": 12.6
      }
    },
    {
      "quarter": "Q2 2012",
      "income status": {
        "Net sales": 50036,
        "Cost of goods sold": 19332,
        "Gross Profit": 30703,
        "Financial expenses": "N/A",
        "Of which: Interest expense": "N/A",
        "Cost of sales": 2402,
        "Enterprise cost management": 3353,
        "Total Operating Expenses": 5755,
        "Total revenue financing activities": 4067,
        "Net profit from business activities": 29017,
        "Profit": 793,
        "Profit before tax": 29810,
        "Present corporate income tax expenses": 7452,
        "Deferred income taxes expenses": "N/A",
        "The interests of minority shareholders": "N/A",
        "Total Cost of profits": 7452,
        "Profit after tax corporate income": 22357,
        "Volume": 8450000,
        "Close of Quarter": 13.9,
        "EPS": 5232.4,
        "Non-adjusted EPS": 7482,
        "PE": 1.9,
        "Book Price": 11.1
      }
    },
    {
      "quarter": "Q1 2012",
      "income status": {
        "Net sales": 43201,
        "Cost of goods sold": 15625,
        "Gross Profit": 27575,
        "Financial expenses": 4271,
        "Of which: Interest expense": 50,
        "Cost of sales": 2750,
        "Enterprise cost management": 2681,
        "Total Operating Expenses": 9702,
        "Total revenue financing activities": 3647,
        "Net profit from business activities": 21520,
        "Profit": 550,
        "Profit before tax": 22070,
        "Present corporate income tax expenses": 5517,
        "Deferred income taxes expenses": "N/A",
        "The interests of minority shareholders": "N/A",
        "Total Cost of profits": 5517,
        "Profit after tax corporate income": 16552,
        "Volume": 8450000,
        "Close of Quarter": 12.2,
        "EPS": 5015.6,
        "Non-adjusted EPS": 7172,
        "PE": 1.7,
        "Book Price": 9.3
      }
    },
    {
      "quarter": "Q4 2011",
      "income status": {
        "Net sales": 20308,
        "Cost of goods sold": 11939,
        "Gross Profit": 8370,
        "Financial expenses": "N/A",
        "Of which: Interest expense": "N/A",
        "Cost of sales": 1612,
        "Enterprise cost management": 3013,
        "Total Operating Expenses": 4625,
        "Total revenue financing activities": 10039,
        "Net profit from business activities": 13783,
        "Profit": -4,
        "Profit before tax": 13779,
        "Present corporate income tax expenses": 3589,
        "Deferred income taxes expenses": "N/A",
        "The interests of minority shareholders": "N/A",
        "Total Cost of profits": 3589,
        "Profit after tax corporate income": 10191,
        "Volume": 8450000,
        "Close of Quarter": 8.8,
        "EPS": 4748.4,
        "Non-adjusted EPS": 6790,
        "PE": 1.3,
        "Book Price": 12.1
      }
    },
    {
      "quarter": "Q3 2011",
      "income status": {
        "Net sales": 35769,
        "Cost of goods sold": 13553,
        "Gross Profit": 22216,
        "Financial expenses": 1813,
        "Of which: Interest expense": "N/A",
        "Cost of sales": 2186,
        "Enterprise cost management": 2011,
        "Total Operating Expenses": 6010,
        "Total revenue financing activities": 2272,
        "Net profit from business activities": 18478,
        "Profit": 294,
        "Profit before tax": 18772,
        "Present corporate income tax expenses": 4645,
        "Deferred income taxes expenses": "N/A",
        "The interests of minority shareholders": "N/A",
        "Total Cost of profits": 4645,
        "Profit after tax corporate income": 14127,
        "Volume": 8450000,
        "Close of Quarter": 7.7,
        "EPS": 4212.1,
        "Non-adjusted EPS": 6023,
        "PE": 1.3,
        "Book Price": 11.3
      }
    },
    {
      "quarter": "Q2 2011",
      "income status": {
        "Net sales": 44685,
        "Cost of goods sold": 15394,
        "Gross Profit": 29291,
        "Financial expenses": 3,
        "Of which: Interest expense": 3,
        "Cost of sales": 2067,
        "Enterprise cost management": 2287,
        "Total Operating Expenses": 4357,
        "Total revenue financing activities": 1244,
        "Net profit from business activities": 26178,
        "Profit": 35,
        "Profit before tax": 26213,
        "Present corporate income tax expenses": 6476,
        "Deferred income taxes expenses": "N/A",
        "The interests of minority shareholders": "N/A",
        "Total Cost of profits": 6476,
        "Profit after tax corporate income": 19737,
        "Volume": 8450000,
        "Close of Quarter": 7.3,
        "EPS": 3719.0,
        "Non-adjusted EPS": 5318,
        "PE": 1.4,
        "Book Price": 10.1
      }
    },
    {
      "quarter": "Q1 2011",
      "income status": {
        "Net sales": 34041,
        "Cost of goods sold": 13997,
        "Gross Profit": 20044,
        "Financial expenses": "N/A",
        "Of which: Interest expense": "N/A",
        "Cost of sales": 2684,
        "Enterprise cost management": 2791,
        "Total Operating Expenses": 5475,
        "Total revenue financing activities": 2479,
        "Net profit from business activities": 17047,
        "Profit": 3,
        "Profit before tax": 17051,
        "Present corporate income tax expenses": 3733,
        "Deferred income taxes expenses": "N/A",
        "The interests of minority shareholders": "N/A",
        "Total Cost of profits": 3733,
        "Profit after tax corporate income": 13317,
        "Volume": 8450000,
        "Close of Quarter": 7.1,
        "EPS": 3272.9,
        "Non-adjusted EPS": 4680,
        "PE": 1.5,
        "Book Price": 9.5
      }
    },
    {
      "quarter": "Q4 2010",
      "income status": {
        "Net sales": 16115,
        "Cost of goods sold": 11075,
        "Gross Profit": 5040,
        "Financial expenses": 2201,
        "Of which: Interest expense": "N/A",
        "Cost of sales": 1325,
        "Enterprise cost management": 1826,
        "Total Operating Expenses": 5352,
        "Total revenue financing activities": 5331,
        "Net profit from business activities": 5019,
        "Profit": 18,
        "Profit before tax": 5037,
        "Present corporate income tax expenses": 1325,
        "Deferred income taxes expenses": "N/A",
        "The interests of minority shareholders": "N/A",
        "Total Cost of profits": 1325,
        "Profit after tax corporate income": 3712,
        "Volume": 8450000,
        "Close of Quarter": 7.3,
        "EPS": 3086.8,
        "Non-adjusted EPS": 4414,
        "PE": 1.7,
        "Book Price": 8.6
      }
    },
    {
      "quarter": "Q3 2010",
      "income status": {
        "Net sales": 25292,
        "Cost of goods sold": 11060,
        "Gross Profit": 14232,
        "Financial expenses": "N/A",
        "Of which: Interest expense": "N/A",
        "Cost of sales": 2134,
        "Enterprise cost management": 1418,
        "Total Operating Expenses": 3552,
        "Total revenue financing activities": 209,
        "Net profit from business activities": 10889,
        "Profit": 1,
        "Profit before tax": 10890,
        "Present corporate income tax expenses": 2722,
        "Deferred income taxes expenses": "N/A",
        "The interests of minority shareholders": "N/A",
        "Total Cost of profits": 2722,
        "Profit after tax corporate income": 8167,
        "Volume": 8450000,
        "Close of Quarter": "N/A",
        "EPS": 2933.7,
        "Non-adjusted EPS": 4195,
        "PE": "N/A",
        "Book Price": 9.7
      }
    },
    {
      "quarter": "Q2 2010",
      "income status": {
        "Net sales": 34772,
        "Cost of goods sold": 13470,
        "Gross Profit": 21302,
        "Financial expenses": "N/A",
        "Of which: Interest expense": "N/A",
        "Cost of sales": 1919,
        "Enterprise cost management": 1757,
        "Total Operating Expenses": 3676,
        "Total revenue financing activities": 1512,
        "Net profit from business activities": 19139,
        "Profit": "N/A",
        "Profit before tax": 19139,
        "Present corporate income tax expenses": 4785,
        "Deferred income taxes expenses": "N/A",
        "The interests of minority shareholders": "N/A",
        "Total Cost of profits": 4785,
        "Profit after tax corporate income": 14354,
        "Volume": 8450000,
        "Close of Quarter": "N/A",
        "EPS": 2672.1,
        "Non-adjusted EPS": 3821,
        "PE": "N/A",
        "Book Price": 9.2
      }
    },
    {
      "quarter": "Q1 2010",
      "income status": {
        "Net sales": 31583,
        "Cost of goods sold": 13489,
        "Gross Profit": 18094,
        "Financial expenses": "N/A",
        "Of which: Interest expense": "N/A",
        "Cost of sales": 2206,
        "Enterprise cost management": 2139,
        "Total Operating Expenses": 4345,
        "Total revenue financing activities": 995,
        "Net profit from business activities": 14744,
        "Profit": 11,
        "Profit before tax": 14755,
        "Present corporate income tax expenses": 3689,
        "Deferred income taxes expenses": "N/A",
        "The interests of minority shareholders": "N/A",
        "Total Cost of profits": 3689,
        "Profit after tax corporate income": 11067,
        "Volume": 8450000,
        "Close of Quarter": "N/A",
        "EPS": 1484.0,
        "Non-adjusted EPS": 2122,
        "PE": "N/A",
        "Book Price": "N/A"
      }
    },
    {
      "quarter": "Q4 2009",
      "income status": {
        "Net sales": 16328,
        "Cost of goods sold": 10685,
        "Gross Profit": 5643,
        "Financial expenses": 3029,
        "Of which: Interest expense": "N/A",
        "Cost of sales": 1571,
        "Enterprise cost management": 1287,
        "Total Operating Expenses": 5887,
        "Total revenue financing activities": 2280,
        "Net profit from business activities": 2035,
        "Profit": 440,
        "Profit before tax": 2475,
        "Present corporate income tax expenses": 619,
        "Deferred income taxes expenses": "N/A",
        "The interests of minority shareholders": "N/A",
        "Total Cost of profits": 619,
        "Profit after tax corporate income": 1856,
        "Volume": 8450000,
        "Close of Quarter": "N/A",
        "EPS": 568.6,
        "Non-adjusted EPS": 813,
        "PE": "N/A",
        "Book Price": 7.6
      }
    },
    {
      "quarter": "Q3 2009",
      "income status": {
        "Net sales": 17888,
        "Cost of goods sold": 8769,
        "Gross Profit": 9119,
        "Financial expenses": "N/A",
        "Of which: Interest expense": "N/A",
        "Cost of sales": 1536,
        "Enterprise cost management": 1107,
        "Total Operating Expenses": 2643,
        "Total revenue financing activities": 294,
        "Net profit from business activities": 6770,
        "Profit": 15,
        "Profit before tax": 6785,
        "Present corporate income tax expenses": 1775,
        "Deferred income taxes expenses": "N/A",
        "The interests of minority shareholders": "N/A",
        "Total Cost of profits": 1775,
        "Profit after tax corporate income": 5010,
        "Volume": 8450000,
        "Close of Quarter": "N/A",
        "EPS": 414.7,
        "Non-adjusted EPS": 593,
        "PE": "N/A",
        "Book Price": "N/A"
      }
    }
  ]
}