{
  "ticker": "S74",
  "data": [
    {
      "quarter": "Q1 2017",
      "income status": {
        "Net sales": 66158,
        "Cost of goods sold": 45215,
        "Gross Profit": 20943,
        "Financial expenses": 13223,
        "Of which: Interest expense": 13223,
        "Cost of sales": "N/A",
        "Enterprise cost management": 1275,
        "Total Operating Expenses": 14498,
        "Total revenue financing activities": 437,
        "Net profit from business activities": 6882,
        "Profit": -4050,
        "Profit before tax": 2832,
        "Present corporate income tax expenses": "N/A",
        "Deferred income taxes expenses": "N/A",
        "The interests of minority shareholders": 551,
        "Total Cost of profits": 551,
        "Profit after tax corporate income": 2281,
        "Volume": 6480000,
        "Close of Quarter": 6.5,
        "EPS": -1584,
        "Non-adjusted EPS": -1584,
        "PE": -4.1,
        "Book Price": 27.4
      }
    },
    {
      "quarter": "Q4 2016",
      "income status": {
        "Net sales": 102173,
        "Cost of goods sold": 79750,
        "Gross Profit": 22423,
        "Financial expenses": 9983,
        "Of which: Interest expense": 9953,
        "Cost of sales": "N/A",
        "Enterprise cost management": 9729,
        "Total Operating Expenses": 19712,
        "Total revenue financing activities": 249,
        "Net profit from business activities": 2960,
        "Profit": -577,
        "Profit before tax": 2383,
        "Present corporate income tax expenses": -351,
        "Deferred income taxes expenses": "N/A",
        "The interests of minority shareholders": 614,
        "Total Cost of profits": 263,
        "Profit after tax corporate income": 2121,
        "Volume": 6480000,
        "Close of Quarter": 6.4,
        "EPS": -2314,
        "Non-adjusted EPS": -2314,
        "PE": -2.8,
        "Book Price": 26.4
      }
    },
    {
      "quarter": "Q3 2016",
      "income status": {
        "Net sales": 42975,
        "Cost of goods sold": 51112,
        "Gross Profit": -8137,
        "Financial expenses": 1251,
        "Of which: Interest expense": 1251,
        "Cost of sales": "N/A",
        "Enterprise cost management": 857,
        "Total Operating Expenses": 2108,
        "Total revenue financing activities": 3,
        "Net profit from business activities": -10243,
        "Profit": 795,
        "Profit before tax": -9448,
        "Present corporate income tax expenses": "N/A",
        "Deferred income taxes expenses": "N/A",
        "The interests of minority shareholders": "N/A",
        "Total Cost of profits": 0,
        "Profit after tax corporate income": -9448,
        "Volume": 6480000,
        "Close of Quarter": 4.8,
        "EPS": -2631,
        "Non-adjusted EPS": -2631,
        "PE": -1.8,
        "Book Price": 19.8
      }
    },
    {
      "quarter": "Q2 2016",
      "income status": {
        "Net sales": 48502,
        "Cost of goods sold": 51224,
        "Gross Profit": -2723,
        "Financial expenses": 1262,
        "Of which: Interest expense": 1262,
        "Cost of sales": "N/A",
        "Enterprise cost management": 1030,
        "Total Operating Expenses": 2292,
        "Total revenue financing activities": 2,
        "Net profit from business activities": -5013,
        "Profit": -98,
        "Profit before tax": -5110,
        "Present corporate income tax expenses": 106,
        "Deferred income taxes expenses": "N/A",
        "The interests of minority shareholders": "N/A",
        "Total Cost of profits": 106,
        "Profit after tax corporate income": -5216,
        "Volume": 6000000,
        "Close of Quarter": 5.2,
        "EPS": -1128.7,
        "Non-adjusted EPS": -1219,
        "PE": -4.3,
        "Book Price": 21.2
      }
    },
    {
      "quarter": "Q1 2016",
      "income status": {
        "Net sales": 45092,
        "Cost of goods sold": 45313,
        "Gross Profit": -222,
        "Financial expenses": 1421,
        "Of which: Interest expense": 1421,
        "Cost of sales": "N/A",
        "Enterprise cost management": 775,
        "Total Operating Expenses": 2196,
        "Total revenue financing activities": 2,
        "Net profit from business activities": -2416,
        "Profit": -37,
        "Profit before tax": -2453,
        "Present corporate income tax expenses": "N/A",
        "Deferred income taxes expenses": "N/A",
        "The interests of minority shareholders": "N/A",
        "Total Cost of profits": 0,
        "Profit after tax corporate income": -2453,
        "Volume": 6000000,
        "Close of Quarter": 6.1,
        "EPS": -694.4,
        "Non-adjusted EPS": -750,
        "PE": -8.2,
        "Book Price": 22.0
      }
    },
    {
      "quarter": "Q4 2015",
      "income status": {
        "Net sales": 77652,
        "Cost of goods sold": 73678,
        "Gross Profit": 3973,
        "Financial expenses": 1678,
        "Of which: Interest expense": 1678,
        "Cost of sales": "N/A",
        "Enterprise cost management": 3590,
        "Total Operating Expenses": 5268,
        "Total revenue financing activities": 3,
        "Net profit from business activities": -1292,
        "Profit": 1363,
        "Profit before tax": 72,
        "Present corporate income tax expenses": 4,
        "Deferred income taxes expenses": "N/A",
        "The interests of minority shareholders": "N/A",
        "Total Cost of profits": 4,
        "Profit after tax corporate income": 68,
        "Volume": 6000000,
        "Close of Quarter": 6.1,
        "EPS": 159.3,
        "Non-adjusted EPS": 172,
        "PE": 35.5,
        "Book Price": 22.4
      }
    },
    {
      "quarter": "Q3 2015",
      "income status": {
        "Net sales": 115673,
        "Cost of goods sold": 109362,
        "Gross Profit": 6311,
        "Financial expenses": 2139,
        "Of which: Interest expense": 2139,
        "Cost of sales": "N/A",
        "Enterprise cost management": 1868,
        "Total Operating Expenses": 4007,
        "Total revenue financing activities": 3,
        "Net profit from business activities": 2306,
        "Profit": -2005,
        "Profit before tax": 302,
        "Present corporate income tax expenses": 15,
        "Deferred income taxes expenses": "N/A",
        "The interests of minority shareholders": "N/A",
        "Total Cost of profits": 15,
        "Profit after tax corporate income": 287,
        "Volume": 6000000,
        "Close of Quarter": 8.3,
        "EPS": 332.4,
        "Non-adjusted EPS": 359,
        "PE": 23.2,
        "Book Price": 22.4
      }
    },
    {
      "quarter": "Q2 2015",
      "income status": {
        "Net sales": 77893,
        "Cost of goods sold": 76501,
        "Gross Profit": 1392,
        "Financial expenses": 1657,
        "Of which: Interest expense": 1657,
        "Cost of sales": "N/A",
        "Enterprise cost management": 2265,
        "Total Operating Expenses": 3922,
        "Total revenue financing activities": 5,
        "Net profit from business activities": -2525,
        "Profit": "N/A",
        "Profit before tax": -2525,
        "Present corporate income tax expenses": -124,
        "Deferred income taxes expenses": "N/A",
        "The interests of minority shareholders": "N/A",
        "Total Cost of profits": -124,
        "Profit after tax corporate income": -2401,
        "Volume": 6000000,
        "Close of Quarter": 8.8,
        "EPS": 657.4,
        "Non-adjusted EPS": 710,
        "PE": 12.4,
        "Book Price": 22.3
      }
    },
    {
      "quarter": "Q1 2015",
      "income status": {
        "Net sales": 99689,
        "Cost of goods sold": 92857,
        "Gross Profit": 6832,
        "Financial expenses": 1797,
        "Of which: Interest expense": 1797,
        "Cost of sales": "N/A",
        "Enterprise cost management": 1800,
        "Total Operating Expenses": 3597,
        "Total revenue financing activities": 4,
        "Net profit from business activities": 3239,
        "Profit": "N/A",
        "Profit before tax": 3239,
        "Present corporate income tax expenses": 162,
        "Deferred income taxes expenses": "N/A",
        "The interests of minority shareholders": "N/A",
        "Total Cost of profits": 162,
        "Profit after tax corporate income": 3077,
        "Volume": 6000000,
        "Close of Quarter": 9.3,
        "EPS": 1609.3,
        "Non-adjusted EPS": 1738,
        "PE": 5.3,
        "Book Price": 22.9
      }
    },
    {
      "quarter": "Q4 2014",
      "income status": {
        "Net sales": 136471,
        "Cost of goods sold": 130367,
        "Gross Profit": 6104,
        "Financial expenses": 2333,
        "Of which: Interest expense": 2333,
        "Cost of sales": "N/A",
        "Enterprise cost management": 2522,
        "Total Operating Expenses": 4855,
        "Total revenue financing activities": 5,
        "Net profit from business activities": 1254,
        "Profit": "N/A",
        "Profit before tax": 1254,
        "Present corporate income tax expenses": 63,
        "Deferred income taxes expenses": "N/A",
        "The interests of minority shareholders": "N/A",
        "Total Cost of profits": 63,
        "Profit after tax corporate income": 1191,
        "Volume": 6000000,
        "Close of Quarter": 9.0,
        "EPS": 1844.4,
        "Non-adjusted EPS": 1992,
        "PE": 4.5,
        "Book Price": 23.2
      }
    },
    {
      "quarter": "Q3 2014",
      "income status": {
        "Net sales": 70495,
        "Cost of goods sold": 62918,
        "Gross Profit": 7577,
        "Financial expenses": 2908,
        "Of which: Interest expense": 2908,
        "Cost of sales": "N/A",
        "Enterprise cost management": 2159,
        "Total Operating Expenses": 5067,
        "Total revenue financing activities": 8,
        "Net profit from business activities": 2518,
        "Profit": "N/A",
        "Profit before tax": 2518,
        "Present corporate income tax expenses": 127,
        "Deferred income taxes expenses": "N/A",
        "The interests of minority shareholders": "N/A",
        "Total Cost of profits": 127,
        "Profit after tax corporate income": 2391,
        "Volume": 6000000,
        "Close of Quarter": 10.3,
        "EPS": 2498.2,
        "Non-adjusted EPS": 2698,
        "PE": 3.8,
        "Book Price": 23.0
      }
    },
    {
      "quarter": "Q2 2014",
      "income status": {
        "Net sales": 99689,
        "Cost of goods sold": 91280,
        "Gross Profit": 8409,
        "Financial expenses": 2282,
        "Of which: Interest expense": 2282,
        "Cost of sales": "N/A",
        "Enterprise cost management": 2160,
        "Total Operating Expenses": 4442,
        "Total revenue financing activities": 3,
        "Net profit from business activities": 3970,
        "Profit": 2,
        "Profit before tax": 3972,
        "Present corporate income tax expenses": 204,
        "Deferred income taxes expenses": "N/A",
        "The interests of minority shareholders": "N/A",
        "Total Cost of profits": 204,
        "Profit after tax corporate income": 3768,
        "Volume": 6000000,
        "Close of Quarter": 8.5,
        "EPS": 2955.6,
        "Non-adjusted EPS": 3192,
        "PE": 2.7,
        "Book Price": 22.6
      }
    },
    {
      "quarter": "Q1 2014",
      "income status": {
        "Net sales": 121542,
        "Cost of goods sold": 112377,
        "Gross Profit": 9165,
        "Financial expenses": 2520,
        "Of which: Interest expense": 2520,
        "Cost of sales": "N/A",
        "Enterprise cost management": 1972,
        "Total Operating Expenses": 4492,
        "Total revenue financing activities": 11,
        "Net profit from business activities": 4683,
        "Profit": 157,
        "Profit before tax": 4840,
        "Present corporate income tax expenses": 241,
        "Deferred income taxes expenses": "N/A",
        "The interests of minority shareholders": "N/A",
        "Total Cost of profits": 241,
        "Profit after tax corporate income": 4599,
        "Volume": 6000000,
        "Close of Quarter": 10.9,
        "EPS": 3028.7,
        "Non-adjusted EPS": 3271,
        "PE": 3.3,
        "Book Price": 22.1
      }
    },
    {
      "quarter": "Q4 2013",
      "income status": {
        "Net sales": 145083,
        "Cost of goods sold": 133231,
        "Gross Profit": 11852,
        "Financial expenses": 3264,
        "Of which: Interest expense": "N/A",
        "Cost of sales": "N/A",
        "Enterprise cost management": 2783,
        "Total Operating Expenses": 6047,
        "Total revenue financing activities": 18,
        "Net profit from business activities": 5824,
        "Profit": "N/A",
        "Profit before tax": 5824,
        "Present corporate income tax expenses": 396,
        "Deferred income taxes expenses": "N/A",
        "The interests of minority shareholders": "N/A",
        "Total Cost of profits": 396,
        "Profit after tax corporate income": 5427,
        "Volume": 6000000,
        "Close of Quarter": 8.5,
        "EPS": 2894.4,
        "Non-adjusted EPS": 3126,
        "PE": 2.7,
        "Book Price": 21.4
      }
    },
    {
      "quarter": "Q3 2013",
      "income status": {
        "Net sales": 101863,
        "Cost of goods sold": 90729,
        "Gross Profit": 11134,
        "Financial expenses": 2962,
        "Of which: Interest expense": 2962,
        "Cost of sales": "N/A",
        "Enterprise cost management": 2557,
        "Total Operating Expenses": 5519,
        "Total revenue financing activities": 6,
        "Net profit from business activities": 5620,
        "Profit": "N/A",
        "Profit before tax": 5620,
        "Present corporate income tax expenses": 262,
        "Deferred income taxes expenses": "N/A",
        "The interests of minority shareholders": "N/A",
        "Total Cost of profits": 262,
        "Profit after tax corporate income": 5359,
        "Volume": 6000000,
        "Close of Quarter": 5.8,
        "EPS": 3005.6,
        "Non-adjusted EPS": 3246,
        "PE": 1.8,
        "Book Price": 20.6
      }
    },
    {
      "quarter": "Q2 2013",
      "income status": {
        "Net sales": 96958,
        "Cost of goods sold": 87301,
        "Gross Profit": 9657,
        "Financial expenses": 2734,
        "Of which: Interest expense": 2734,
        "Cost of sales": "N/A",
        "Enterprise cost management": 2463,
        "Total Operating Expenses": 5197,
        "Total revenue financing activities": 5,
        "Net profit from business activities": 4465,
        "Profit": "N/A",
        "Profit before tax": 4465,
        "Present corporate income tax expenses": 222,
        "Deferred income taxes expenses": "N/A",
        "The interests of minority shareholders": "N/A",
        "Total Cost of profits": 222,
        "Profit after tax corporate income": 4243,
        "Volume": 6000000,
        "Close of Quarter": 5.9,
        "EPS": 2677.8,
        "Non-adjusted EPS": 2892,
        "PE": 2.1,
        "Book Price": 19.7
      }
    },
    {
      "quarter": "Q1 2013",
      "income status": {
        "Net sales": 69254,
        "Cost of goods sold": 60401,
        "Gross Profit": 8853,
        "Financial expenses": 2881,
        "Of which: Interest expense": 2881,
        "Cost of sales": "N/A",
        "Enterprise cost management": 2042,
        "Total Operating Expenses": 4923,
        "Total revenue financing activities": 10,
        "Net profit from business activities": 3941,
        "Profit": "N/A",
        "Profit before tax": 3941,
        "Present corporate income tax expenses": 214,
        "Deferred income taxes expenses": "N/A",
        "The interests of minority shareholders": "N/A",
        "Total Cost of profits": 214,
        "Profit after tax corporate income": 3727,
        "Volume": 6000000,
        "Close of Quarter": 6.3,
        "EPS": 2670.4,
        "Non-adjusted EPS": 2884,
        "PE": 2.2,
        "Book Price": 19.9
      }
    },
    {
      "quarter": "Q4 2012",
      "income status": {
        "Net sales": 58690,
        "Cost of goods sold": 47796,
        "Gross Profit": 10894,
        "Financial expenses": 2065,
        "Of which: Interest expense": 2065,
        "Cost of sales": "N/A",
        "Enterprise cost management": 2461,
        "Total Operating Expenses": 4526,
        "Total revenue financing activities": 9,
        "Net profit from business activities": 6376,
        "Profit": 140,
        "Profit before tax": 6517,
        "Present corporate income tax expenses": 367,
        "Deferred income taxes expenses": "N/A",
        "The interests of minority shareholders": "N/A",
        "Total Cost of profits": 367,
        "Profit after tax corporate income": 6149,
        "Volume": 6000000,
        "Close of Quarter": 5.1,
        "EPS": 2862.0,
        "Non-adjusted EPS": 3091,
        "PE": 1.6,
        "Book Price": 19.4
      }
    },
    {
      "quarter": "Q3 2012",
      "income status": {
        "Net sales": 48129,
        "Cost of goods sold": 38555,
        "Gross Profit": 9573,
        "Financial expenses": 3247,
        "Of which: Interest expense": 3247,
        "Cost of sales": "N/A",
        "Enterprise cost management": 3067,
        "Total Operating Expenses": 6314,
        "Total revenue financing activities": 24,
        "Net profit from business activities": 3283,
        "Profit": 189,
        "Profit before tax": 3472,
        "Present corporate income tax expenses": 237,
        "Deferred income taxes expenses": "N/A",
        "The interests of minority shareholders": "N/A",
        "Total Cost of profits": 237,
        "Profit after tax corporate income": 3235,
        "Volume": 6000000,
        "Close of Quarter": 5,
        "EPS": 2744.4,
        "Non-adjusted EPS": 2964,
        "PE": 1.7,
        "Book Price": 18.4
      }
    },
    {
      "quarter": "Q2 2012",
      "income status": {
        "Net sales": 83350,
        "Cost of goods sold": 72732,
        "Gross Profit": 10618,
        "Financial expenses": 2928,
        "Of which: Interest expense": 2928,
        "Cost of sales": "N/A",
        "Enterprise cost management": 3350,
        "Total Operating Expenses": 6278,
        "Total revenue financing activities": 78,
        "Net profit from business activities": 4419,
        "Profit": "N/A",
        "Profit before tax": 4419,
        "Present corporate income tax expenses": 224,
        "Deferred income taxes expenses": "N/A",
        "The interests of minority shareholders": "N/A",
        "Total Cost of profits": 224,
        "Profit after tax corporate income": 4195,
        "Volume": 6000000,
        "Close of Quarter": 5.9,
        "EPS": 2973.2,
        "Non-adjusted EPS": 3211,
        "PE": 1.8,
        "Book Price": 17.9
      }
    },
    {
      "quarter": "Q1 2012",
      "income status": {
        "Net sales": 95622,
        "Cost of goods sold": 84196,
        "Gross Profit": 11426,
        "Financial expenses": 2984,
        "Of which: Interest expense": 2984,
        "Cost of sales": "N/A",
        "Enterprise cost management": 3399,
        "Total Operating Expenses": 6383,
        "Total revenue financing activities": 187,
        "Net profit from business activities": 5230,
        "Profit": "N/A",
        "Profit before tax": 5230,
        "Present corporate income tax expenses": 265,
        "Deferred income taxes expenses": "N/A",
        "The interests of minority shareholders": "N/A",
        "Total Cost of profits": 265,
        "Profit after tax corporate income": 4965,
        "Volume": 6000000,
        "Close of Quarter": 5.5,
        "EPS": 2986.1,
        "Non-adjusted EPS": 3225,
        "PE": 1.7,
        "Book Price": 17.2
      }
    },
    {
      "quarter": "Q4 2011",
      "income status": {
        "Net sales": 88098,
        "Cost of goods sold": 74805,
        "Gross Profit": 13294,
        "Financial expenses": 2946,
        "Of which: Interest expense": 2946,
        "Cost of sales": "N/A",
        "Enterprise cost management": 5086,
        "Total Operating Expenses": 8032,
        "Total revenue financing activities": 89,
        "Net profit from business activities": 5350,
        "Profit": 45,
        "Profit before tax": 5396,
        "Present corporate income tax expenses": 8,
        "Deferred income taxes expenses": "N/A",
        "The interests of minority shareholders": "N/A",
        "Total Cost of profits": 8,
        "Profit after tax corporate income": 5387,
        "Volume": 6000000,
        "Close of Quarter": 4.1,
        "EPS": 2813.0,
        "Non-adjusted EPS": 3038,
        "PE": 1.4,
        "Book Price": 18.2
      }
    },
    {
      "quarter": "Q3 2011",
      "income status": {
        "Net sales": 83916,
        "Cost of goods sold": 73388,
        "Gross Profit": 10528,
        "Financial expenses": 2655,
        "Of which: Interest expense": 2655,
        "Cost of sales": "N/A",
        "Enterprise cost management": 3178,
        "Total Operating Expenses": 5833,
        "Total revenue financing activities": 31,
        "Net profit from business activities": 4725,
        "Profit": "N/A",
        "Profit before tax": 4725,
        "Present corporate income tax expenses": 5,
        "Deferred income taxes expenses": "N/A",
        "The interests of minority shareholders": "N/A",
        "Total Cost of profits": 5,
        "Profit after tax corporate income": 4720,
        "Volume": 6000000,
        "Close of Quarter": 5.8,
        "EPS": 2775,
        "Non-adjusted EPS": 2997,
        "PE": 1.9,
        "Book Price": 17.4
      }
    },
    {
      "quarter": "Q2 2011",
      "income status": {
        "Net sales": 100444,
        "Cost of goods sold": 90182,
        "Gross Profit": 10262,
        "Financial expenses": 3857,
        "Of which: Interest expense": 3857,
        "Cost of sales": "N/A",
        "Enterprise cost management": 2286,
        "Total Operating Expenses": 6143,
        "Total revenue financing activities": 175,
        "Net profit from business activities": 4294,
        "Profit": "N/A",
        "Profit before tax": 4294,
        "Present corporate income tax expenses": 18,
        "Deferred income taxes expenses": "N/A",
        "The interests of minority shareholders": "N/A",
        "Total Cost of profits": 18,
        "Profit after tax corporate income": 4276,
        "Volume": 6000000,
        "Close of Quarter": 6.7,
        "EPS": 2762.0,
        "Non-adjusted EPS": 2983,
        "PE": 2.2,
        "Book Price": 16.7
      }
    },
    {
      "quarter": "Q1 2011",
      "income status": {
        "Net sales": 66608,
        "Cost of goods sold": 58174,
        "Gross Profit": 8435,
        "Financial expenses": 2766,
        "Of which: Interest expense": 2766,
        "Cost of sales": "N/A",
        "Enterprise cost management": 2253,
        "Total Operating Expenses": 5019,
        "Total revenue financing activities": 430,
        "Net profit from business activities": 3846,
        "Profit": "N/A",
        "Profit before tax": 3846,
        "Present corporate income tax expenses": "N/A",
        "Deferred income taxes expenses": "N/A",
        "The interests of minority shareholders": "N/A",
        "Total Cost of profits": 0,
        "Profit after tax corporate income": 3846,
        "Volume": 6000000,
        "Close of Quarter": 10.0,
        "EPS": 3062.0,
        "Non-adjusted EPS": 3307,
        "PE": 3.0,
        "Book Price": 18.2
      }
    },
    {
      "quarter": "Q4 2010",
      "income status": {
        "Net sales": 100892,
        "Cost of goods sold": 92633,
        "Gross Profit": 8260,
        "Financial expenses": 2173,
        "Of which: Interest expense": 2173,
        "Cost of sales": "N/A",
        "Enterprise cost management": 1711,
        "Total Operating Expenses": 3884,
        "Total revenue financing activities": 556,
        "Net profit from business activities": 4932,
        "Profit": 17,
        "Profit before tax": 4949,
        "Present corporate income tax expenses": -190,
        "Deferred income taxes expenses": "N/A",
        "The interests of minority shareholders": "N/A",
        "Total Cost of profits": -190,
        "Profit after tax corporate income": 5138,
        "Volume": 6000000,
        "Close of Quarter": 13.1,
        "EPS": 3518.5,
        "Non-adjusted EPS": 3800,
        "PE": 3.4,
        "Book Price": 17.6
      }
    },
    {
      "quarter": "Q3 2010",
      "income status": {
        "Net sales": 118425,
        "Cost of goods sold": 110791,
        "Gross Profit": 7635,
        "Financial expenses": 1398,
        "Of which: Interest expense": 1398,
        "Cost of sales": "N/A",
        "Enterprise cost management": 1867,
        "Total Operating Expenses": 3265,
        "Total revenue financing activities": 413,
        "Net profit from business activities": 4783,
        "Profit": 4,
        "Profit before tax": 4786,
        "Present corporate income tax expenses": 149,
        "Deferred income taxes expenses": "N/A",
        "The interests of minority shareholders": "N/A",
        "Total Cost of profits": 149,
        "Profit after tax corporate income": 4638,
        "Volume": 6000000,
        "Close of Quarter": 17.4,
        "EPS": 3534.3,
        "Non-adjusted EPS": 3817,
        "PE": 4.6,
        "Book Price": 16.9
      }
    },
    {
      "quarter": "Q2 2010",
      "income status": {
        "Net sales": 112546,
        "Cost of goods sold": 103914,
        "Gross Profit": 8631,
        "Financial expenses": 577,
        "Of which: Interest expense": 472,
        "Cost of sales": "N/A",
        "Enterprise cost management": 2103,
        "Total Operating Expenses": 2680,
        "Total revenue financing activities": 252,
        "Net profit from business activities": 6203,
        "Profit": 47,
        "Profit before tax": 6250,
        "Present corporate income tax expenses": 30,
        "Deferred income taxes expenses": "N/A",
        "The interests of minority shareholders": "N/A",
        "Total Cost of profits": 30,
        "Profit after tax corporate income": 6220,
        "Volume": 6000000,
        "Close of Quarter": 23.4,
        "EPS": 3556.5,
        "Non-adjusted EPS": 3841,
        "PE": 6.1,
        "Book Price": 16.1
      }
    },
    {
      "quarter": "Q1 2010",
      "income status": {
        "Net sales": 174575,
        "Cost of goods sold": 165864,
        "Gross Profit": 8710,
        "Financial expenses": 639,
        "Of which: Interest expense": 639,
        "Cost of sales": "N/A",
        "Enterprise cost management": 1301,
        "Total Operating Expenses": 1940,
        "Total revenue financing activities": 43,
        "Net profit from business activities": 6814,
        "Profit": "N/A",
        "Profit before tax": 6814,
        "Present corporate income tax expenses": 11,
        "Deferred income taxes expenses": "N/A",
        "The interests of minority shareholders": "N/A",
        "Total Cost of profits": 11,
        "Profit after tax corporate income": 6803,
        "Volume": 4000000,
        "Close of Quarter": 21.0,
        "EPS": 3384.6,
        "Non-adjusted EPS": 5483,
        "PE": 3.8,
        "Book Price": 13.3
      }
    },
    {
      "quarter": "Q4 2009",
      "income status": {
        "Net sales": 82591,
        "Cost of goods sold": 75598,
        "Gross Profit": 6993,
        "Financial expenses": 277,
        "Of which: Interest expense": "N/A",
        "Cost of sales": "N/A",
        "Enterprise cost management": 1488,
        "Total Operating Expenses": 1765,
        "Total revenue financing activities": 31,
        "Net profit from business activities": 5259,
        "Profit": "N/A",
        "Profit before tax": 5259,
        "Present corporate income tax expenses": 21,
        "Deferred income taxes expenses": "N/A",
        "The interests of minority shareholders": "N/A",
        "Total Cost of profits": 21,
        "Profit after tax corporate income": 5238,
        "Volume": 4000000,
        "Close of Quarter": 25.5,
        "EPS": 3095.1,
        "Non-adjusted EPS": 5014,
        "PE": 5.1,
        "Book Price": 10.1
      }
    },
    {
      "quarter": "Q3 2009",
      "income status": {
        "Net sales": 75562,
        "Cost of goods sold": 68936,
        "Gross Profit": 6625,
        "Financial expenses": 289,
        "Of which: Interest expense": "N/A",
        "Cost of sales": "N/A",
        "Enterprise cost management": 1581,
        "Total Operating Expenses": 1870,
        "Total revenue financing activities": 29,
        "Net profit from business activities": 4784,
        "Profit": "N/A",
        "Profit before tax": 4784,
        "Present corporate income tax expenses": "N/A",
        "Deferred income taxes expenses": "N/A",
        "The interests of minority shareholders": "N/A",
        "Total Cost of profits": 0,
        "Profit after tax corporate income": 4784,
        "Volume": 4000000,
        "Close of Quarter": 21.9,
        "EPS": 2901.9,
        "Non-adjusted EPS": 4701,
        "PE": 4.7,
        "Book Price": 9.4
      }
    },
    {
      "quarter": "Q2 2009",
      "income status": {
        "Net sales": 95133,
        "Cost of goods sold": 88455,
        "Gross Profit": 6678,
        "Financial expenses": 154,
        "Of which: Interest expense": -322,
        "Cost of sales": "N/A",
        "Enterprise cost management": 1432,
        "Total Operating Expenses": 1586,
        "Total revenue financing activities": 15,
        "Net profit from business activities": 5107,
        "Profit": "N/A",
        "Profit before tax": 5107,
        "Present corporate income tax expenses": "N/A",
        "Deferred income taxes expenses": "N/A",
        "The interests of minority shareholders": "N/A",
        "Total Cost of profits": 0,
        "Profit after tax corporate income": 5107,
        "Volume": 4000000,
        "Close of Quarter": "N/A",
        "EPS": 2671.0,
        "Non-adjusted EPS": 4327,
        "PE": "N/A",
        "Book Price": 8.6
      }
    },
    {
      "quarter": "Q1 2009",
      "income status": {
        "Net sales": 128359,
        "Cost of goods sold": 121547,
        "Gross Profit": 6811,
        "Financial expenses": 322,
        "Of which: Interest expense": 322,
        "Cost of sales": "N/A",
        "Enterprise cost management": 1572,
        "Total Operating Expenses": 1894,
        "Total revenue financing activities": 9,
        "Net profit from business activities": 4925,
        "Profit": "N/A",
        "Profit before tax": 4925,
        "Present corporate income tax expenses": "N/A",
        "Deferred income taxes expenses": "N/A",
        "The interests of minority shareholders": "N/A",
        "Total Cost of profits": 0,
        "Profit after tax corporate income": 4925,
        "Volume": 4000000,
        "Close of Quarter": "N/A",
        "EPS": 2336.4,
        "Non-adjusted EPS": 3785,
        "PE": "N/A",
        "Book Price": "N/A"
      }
    },
    {
      "quarter": "Q4 2008",
      "income status": {
        "Net sales": 112026,
        "Cost of goods sold": 106043,
        "Gross Profit": 5983,
        "Financial expenses": 946,
        "Of which: Interest expense": 946,
        "Cost of sales": "N/A",
        "Enterprise cost management": 1052,
        "Total Operating Expenses": 1998,
        "Total revenue financing activities": 4,
        "Net profit from business activities": 3989,
        "Profit": "N/A",
        "Profit before tax": 3989,
        "Present corporate income tax expenses": "N/A",
        "Deferred income taxes expenses": "N/A",
        "The interests of minority shareholders": "N/A",
        "Total Cost of profits": 0,
        "Profit after tax corporate income": 3989,
        "Volume": 4000000,
        "Close of Quarter": "N/A",
        "EPS": 1576.5,
        "Non-adjusted EPS": 2554,
        "PE": "N/A",
        "Book Price": 8.2
      }
    },
    {
      "quarter": "Q3 2008",
      "income status": {
        "Net sales": 103367,
        "Cost of goods sold": 96908,
        "Gross Profit": 6459,
        "Financial expenses": 2285,
        "Of which: Interest expense": 2285,
        "Cost of sales": "N/A",
        "Enterprise cost management": 902,
        "Total Operating Expenses": 3187,
        "Total revenue financing activities": 16,
        "Net profit from business activities": 3287,
        "Profit": "N/A",
        "Profit before tax": 3287,
        "Present corporate income tax expenses": "N/A",
        "Deferred income taxes expenses": "N/A",
        "The interests of minority shareholders": "N/A",
        "Total Cost of profits": 0,
        "Profit after tax corporate income": 3287,
        "Volume": 4000000,
        "Close of Quarter": "N/A",
        "EPS": 961.1,
        "Non-adjusted EPS": 1557,
        "PE": "N/A",
        "Book Price": 7.6
      }
    },
    {
      "quarter": "Q2 2008",
      "income status": {
        "Net sales": 114843,
        "Cost of goods sold": 107589,
        "Gross Profit": 7253,
        "Financial expenses": 3116,
        "Of which: Interest expense": 3116,
        "Cost of sales": "N/A",
        "Enterprise cost management": 1226,
        "Total Operating Expenses": 4342,
        "Total revenue financing activities": 28,
        "Net profit from business activities": 2940,
        "Profit": "N/A",
        "Profit before tax": 2940,
        "Present corporate income tax expenses": "N/A",
        "Deferred income taxes expenses": "N/A",
        "The interests of minority shareholders": "N/A",
        "Total Cost of profits": 0,
        "Profit after tax corporate income": 2940,
        "Volume": 4000000,
        "Close of Quarter": "N/A",
        "EPS": 453.7,
        "Non-adjusted EPS": 735,
        "PE": "N/A",
        "Book Price": 7.1
      }
    }
  ]
}