{
  "ticker": "ISH",
  "data": [
    {
      "quarter": "Q1 2017",
      "income status": {
        "Net sales": 29247,
        "Cost of goods sold": 23573,
        "Gross Profit": 5674,
        "Financial expenses": 7799,
        "Of which: Interest expense": 7777,
        "Cost of sales": "N/A",
        "Enterprise cost management": 2862,
        "Total Operating Expenses": 10661,
        "Total revenue financing activities": 134,
        "Net profit from business activities": -4854,
        "Profit": "N/A",
        "Profit before tax": -4854,
        "Present corporate income tax expenses": "N/A",
        "Deferred income taxes expenses": "N/A",
        "The interests of minority shareholders": "N/A",
        "Total Cost of profits": 0,
        "Profit after tax corporate income": -4854,
        "Volume": 45000000,
        "Close of Quarter": 11,
        "EPS": 694,
        "Non-adjusted EPS": 694,
        "PE": 15.9,
        "Book Price": 10.7
      }
    },
    {
      "quarter": "Q4 2016",
      "income status": {
        "Net sales": 46882,
        "Cost of goods sold": 27297,
        "Gross Profit": 19586,
        "Financial expenses": 8668,
        "Of which: Interest expense": 8056,
        "Cost of sales": "N/A",
        "Enterprise cost management": 3247,
        "Total Operating Expenses": 11915,
        "Total revenue financing activities": 65,
        "Net profit from business activities": 7737,
        "Profit": "N/A",
        "Profit before tax": 7737,
        "Present corporate income tax expenses": 591,
        "Deferred income taxes expenses": "N/A",
        "The interests of minority shareholders": "N/A",
        "Total Cost of profits": 591,
        "Profit after tax corporate income": 7146,
        "Volume": 45000000,
        "Close of Quarter": 11,
        "EPS": 440,
        "Non-adjusted EPS": 440,
        "PE": 25,
        "Book Price": 10.9
      }
    },
    {
      "quarter": "Q3 2016",
      "income status": {
        "Net sales": 59151,
        "Cost of goods sold": 26854,
        "Gross Profit": 32297,
        "Financial expenses": 8172,
        "Of which: Interest expense": 8131,
        "Cost of sales": "N/A",
        "Enterprise cost management": 2516,
        "Total Operating Expenses": 10688,
        "Total revenue financing activities": 41,
        "Net profit from business activities": 21649,
        "Profit": "N/A",
        "Profit before tax": 21649,
        "Present corporate income tax expenses": 1123,
        "Deferred income taxes expenses": "N/A",
        "The interests of minority shareholders": "N/A",
        "Total Cost of profits": 1123,
        "Profit after tax corporate income": 20526,
        "Volume": 45000000,
        "Close of Quarter": 10.2,
        "EPS": 62,
        "Non-adjusted EPS": 62,
        "PE": 164.5,
        "Book Price": 10.7
      }
    },
    {
      "quarter": "Q2 2016",
      "income status": {
        "Net sales": 43190,
        "Cost of goods sold": 24150,
        "Gross Profit": 19040,
        "Financial expenses": 8461,
        "Of which: Interest expense": 8421,
        "Cost of sales": "N/A",
        "Enterprise cost management": 2623,
        "Total Operating Expenses": 11084,
        "Total revenue financing activities": 453,
        "Net profit from business activities": 8410,
        "Profit": 10,
        "Profit before tax": 8420,
        "Present corporate income tax expenses": "N/A",
        "Deferred income taxes expenses": "N/A",
        "The interests of minority shareholders": "N/A",
        "Total Cost of profits": 0,
        "Profit after tax corporate income": 8420,
        "Volume": 45000000,
        "Close of Quarter": 10.3,
        "EPS": 170,
        "Non-adjusted EPS": 170,
        "PE": 60.5,
        "Book Price": 10.2
      }
    },
    {
      "quarter": "Q1 2016",
      "income status": {
        "Net sales": 13714,
        "Cost of goods sold": 19148,
        "Gross Profit": -5434,
        "Financial expenses": 8460,
        "Of which: Interest expense": 8389,
        "Cost of sales": "N/A",
        "Enterprise cost management": 2513,
        "Total Operating Expenses": 10973,
        "Total revenue financing activities": 120,
        "Net profit from business activities": -16286,
        "Profit": "N/A",
        "Profit before tax": -16286,
        "Present corporate income tax expenses": "N/A",
        "Deferred income taxes expenses": "N/A",
        "The interests of minority shareholders": "N/A",
        "Total Cost of profits": 0,
        "Profit after tax corporate income": -16286,
        "Volume": 45000000,
        "Close of Quarter": 10.3,
        "EPS": 336,
        "Non-adjusted EPS": 336,
        "PE": 30.6,
        "Book Price": 10.9
      }
    },
    {
      "quarter": "Q4 2015",
      "income status": {
        "Net sales": 31186,
        "Cost of goods sold": 30091,
        "Gross Profit": 1095,
        "Financial expenses": 8834,
        "Of which: Interest expense": 8684,
        "Cost of sales": "N/A",
        "Enterprise cost management": 2954,
        "Total Operating Expenses": 11788,
        "Total revenue financing activities": 53,
        "Net profit from business activities": -10639,
        "Profit": 10,
        "Profit before tax": -10629,
        "Present corporate income tax expenses": -755,
        "Deferred income taxes expenses": "N/A",
        "The interests of minority shareholders": "N/A",
        "Total Cost of profits": -755,
        "Profit after tax corporate income": -9874,
        "Volume": 45000000,
        "Close of Quarter": 10.9,
        "EPS": 828,
        "Non-adjusted EPS": 828,
        "PE": 13.1,
        "Book Price": 11.2
      }
    },
    {
      "quarter": "Q3 2015",
      "income status": {
        "Net sales": 64660,
        "Cost of goods sold": 23609,
        "Gross Profit": 41050,
        "Financial expenses": 10584,
        "Of which: Interest expense": 8815,
        "Cost of sales": "N/A",
        "Enterprise cost management": 3086,
        "Total Operating Expenses": 13670,
        "Total revenue financing activities": 116,
        "Net profit from business activities": 27496,
        "Profit": "N/A",
        "Profit before tax": 27496,
        "Present corporate income tax expenses": "N/A",
        "Deferred income taxes expenses": 2097,
        "The interests of minority shareholders": "N/A",
        "Total Cost of profits": 2097,
        "Profit after tax corporate income": 25399,
        "Volume": 45000000,
        "Close of Quarter": 10.8,
        "EPS": 1605,
        "Non-adjusted EPS": 1605,
        "PE": 6.7,
        "Book Price": 11.7
      }
    },
    {
      "quarter": "Q2 2015",
      "income status": {
        "Net sales": 53711,
        "Cost of goods sold": 22289,
        "Gross Profit": 31422,
        "Financial expenses": 10800,
        "Of which: Interest expense": 9197,
        "Cost of sales": "N/A",
        "Enterprise cost management": 3454,
        "Total Operating Expenses": 14254,
        "Total revenue financing activities": 7,
        "Net profit from business activities": 17175,
        "Profit": 10,
        "Profit before tax": 17185,
        "Present corporate income tax expenses": 1806,
        "Deferred income taxes expenses": -486,
        "The interests of minority shareholders": "N/A",
        "Total Cost of profits": 1320,
        "Profit after tax corporate income": 15865,
        "Volume": 45000000,
        "Close of Quarter": 10.1,
        "EPS": 1734,
        "Non-adjusted EPS": 1734,
        "PE": 5.8,
        "Book Price": 11.1
      }
    },
    {
      "quarter": "Q1 2015",
      "income status": {
        "Net sales": 38447,
        "Cost of goods sold": 19633,
        "Gross Profit": 18813,
        "Financial expenses": 9621,
        "Of which: Interest expense": 9470,
        "Cost of sales": "N/A",
        "Enterprise cost management": 2851,
        "Total Operating Expenses": 12472,
        "Total revenue financing activities": 15,
        "Net profit from business activities": 6357,
        "Profit": "N/A",
        "Profit before tax": 6357,
        "Present corporate income tax expenses": "N/A",
        "Deferred income taxes expenses": 486,
        "The interests of minority shareholders": "N/A",
        "Total Cost of profits": 486,
        "Profit after tax corporate income": 5870,
        "Volume": 45000000,
        "Close of Quarter": "N/A",
        "EPS": 1691,
        "Non-adjusted EPS": 1691,
        "PE": "N/A",
        "Book Price": 11.3
      }
    },
    {
      "quarter": "Q4 2014",
      "income status": {
        "Net sales": 68562,
        "Cost of goods sold": 26318,
        "Gross Profit": 42244,
        "Financial expenses": 11087,
        "Of which: Interest expense": 10756,
        "Cost of sales": "N/A",
        "Enterprise cost management": 3453,
        "Total Operating Expenses": 14540,
        "Total revenue financing activities": 9,
        "Net profit from business activities": 27712,
        "Profit": "N/A",
        "Profit before tax": 27712,
        "Present corporate income tax expenses": 2634,
        "Deferred income taxes expenses": "N/A",
        "The interests of minority shareholders": "N/A",
        "Total Cost of profits": 2634,
        "Profit after tax corporate income": 25078,
        "Volume": 45000000,
        "Close of Quarter": "N/A",
        "EPS": 1561,
        "Non-adjusted EPS": 1561,
        "PE": "N/A",
        "Book Price": 11.3
      }
    },
    {
      "quarter": "Q3 2014",
      "income status": {
        "Net sales": 73837,
        "Cost of goods sold": 25490,
        "Gross Profit": 48347,
        "Financial expenses": 11983,
        "Of which: Interest expense": 11746,
        "Cost of sales": "N/A",
        "Enterprise cost management": 3206,
        "Total Operating Expenses": 15189,
        "Total revenue financing activities": 10,
        "Net profit from business activities": 33167,
        "Profit": "N/A",
        "Profit before tax": 33167,
        "Present corporate income tax expenses": 1969,
        "Deferred income taxes expenses": "N/A",
        "The interests of minority shareholders": "N/A",
        "Total Cost of profits": 1969,
        "Profit after tax corporate income": 31199,
        "Volume": 45000000,
        "Close of Quarter": "N/A",
        "EPS": 1003,
        "Non-adjusted EPS": 1003,
        "PE": "N/A",
        "Book Price": 10.7
      }
    },
    {
      "quarter": "Q2 2014",
      "income status": {
        "Net sales": 53610,
        "Cost of goods sold": 21941,
        "Gross Profit": 31669,
        "Financial expenses": 14058,
        "Of which: Interest expense": 15116,
        "Cost of sales": "N/A",
        "Enterprise cost management": 2824,
        "Total Operating Expenses": 16882,
        "Total revenue financing activities": 7,
        "Net profit from business activities": 14794,
        "Profit": "N/A",
        "Profit before tax": 14794,
        "Present corporate income tax expenses": 843,
        "Deferred income taxes expenses": "N/A",
        "The interests of minority shareholders": "N/A",
        "Total Cost of profits": 843,
        "Profit after tax corporate income": 13951,
        "Volume": 45000000,
        "Close of Quarter": "N/A",
        "EPS": 310,
        "Non-adjusted EPS": 310,
        "PE": "N/A",
        "Book Price": 10
      }
    }
  ]
}