{
  "ticker": "PCE",
  "data": [
    {
      "quarter": "Q1 2017",
      "income status": {
        "Net sales": 479014,
        "Cost of goods sold": 454164,
        "Gross Profit": 24850,
        "Financial expenses": 35,
        "Of which: Interest expense": "N/A",
        "Cost of sales": 8613,
        "Enterprise cost management": 8503,
        "Total Operating Expenses": 17151,
        "Total revenue financing activities": 546,
        "Net profit from business activities": 8245,
        "Profit": "N/A",
        "Profit before tax": 8245,
        "Present corporate income tax expenses": 1649,
        "Deferred income taxes expenses": "N/A",
        "The interests of minority shareholders": "N/A",
        "Total Cost of profits": 1649,
        "Profit after tax corporate income": 6596,
        "Volume": 10000000,
        "Close of Quarter": 14.9,
        "EPS": 2682,
        "Non-adjusted EPS": 2682,
        "PE": 5.6,
        "Book Price": 16
      }
    },
    {
      "quarter": "Q4 2016",
      "income status": {
        "Net sales": 340903,
        "Cost of goods sold": 321647,
        "Gross Profit": 19256,
        "Financial expenses": "N/A",
        "Of which: Interest expense": "N/A",
        "Cost of sales": 8811,
        "Enterprise cost management": 4971,
        "Total Operating Expenses": 13782,
        "Total revenue financing activities": 3209,
        "Net profit from business activities": 8683,
        "Profit": 195,
        "Profit before tax": 8878,
        "Present corporate income tax expenses": 1970,
        "Deferred income taxes expenses": -168,
        "The interests of minority shareholders": "N/A",
        "Total Cost of profits": 1802,
        "Profit after tax corporate income": 7076,
        "Volume": 10000000,
        "Close of Quarter": 14.8,
        "EPS": 2517,
        "Non-adjusted EPS": 2517,
        "PE": 5.9,
        "Book Price": 16.1
      }
    },
    {
      "quarter": "Q3 2016",
      "income status": {
        "Net sales": 422321,
        "Cost of goods sold": 404151,
        "Gross Profit": 18170,
        "Financial expenses": "N/A",
        "Of which: Interest expense": "N/A",
        "Cost of sales": 7583,
        "Enterprise cost management": 4346,
        "Total Operating Expenses": 11929,
        "Total revenue financing activities": 581,
        "Net profit from business activities": 6822,
        "Profit": 8,
        "Profit before tax": 6830,
        "Present corporate income tax expenses": 1366,
        "Deferred income taxes expenses": "N/A",
        "The interests of minority shareholders": "N/A",
        "Total Cost of profits": 1366,
        "Profit after tax corporate income": 5464,
        "Volume": 10000000,
        "Close of Quarter": 14.3,
        "EPS": 3015,
        "Non-adjusted EPS": 3015,
        "PE": 4.7,
        "Book Price": 17.2
      }
    },
    {
      "quarter": "Q2 2016",
      "income status": {
        "Net sales": 723457,
        "Cost of goods sold": 692797,
        "Gross Profit": 30660,
        "Financial expenses": "N/A",
        "Of which: Interest expense": "N/A",
        "Cost of sales": 11807,
        "Enterprise cost management": 9989,
        "Total Operating Expenses": 21796,
        "Total revenue financing activities": 745,
        "Net profit from business activities": 9609,
        "Profit": "N/A",
        "Profit before tax": 9609,
        "Present corporate income tax expenses": 1922,
        "Deferred income taxes expenses": "N/A",
        "The interests of minority shareholders": "N/A",
        "Total Cost of profits": 1922,
        "Profit after tax corporate income": 7687,
        "Volume": 10000000,
        "Close of Quarter": 12.6,
        "EPS": 2871,
        "Non-adjusted EPS": 2871,
        "PE": 4.4,
        "Book Price": 16.6
      }
    },
    {
      "quarter": "Q1 2016",
      "income status": {
        "Net sales": 510571,
        "Cost of goods sold": 491654,
        "Gross Profit": 18917,
        "Financial expenses": "N/A",
        "Of which: Interest expense": "N/A",
        "Cost of sales": 7734,
        "Enterprise cost management": 5691,
        "Total Operating Expenses": 13425,
        "Total revenue financing activities": 683,
        "Net profit from business activities": 6175,
        "Profit": 1,
        "Profit before tax": 6176,
        "Present corporate income tax expenses": 1235,
        "Deferred income taxes expenses": "N/A",
        "The interests of minority shareholders": "N/A",
        "Total Cost of profits": 1235,
        "Profit after tax corporate income": 4941,
        "Volume": 10000000,
        "Close of Quarter": 11.0,
        "EPS": 2751,
        "Non-adjusted EPS": 2751,
        "PE": 4.0,
        "Book Price": 16.8
      }
    },
    {
      "quarter": "Q4 2015",
      "income status": {
        "Net sales": 580987,
        "Cost of goods sold": 561206,
        "Gross Profit": 19781,
        "Financial expenses": "N/A",
        "Of which: Interest expense": "N/A",
        "Cost of sales": 6001,
        "Enterprise cost management": 772,
        "Total Operating Expenses": 6773,
        "Total revenue financing activities": 1090,
        "Net profit from business activities": 14099,
        "Profit": 1413,
        "Profit before tax": 15512,
        "Present corporate income tax expenses": 3483,
        "Deferred income taxes expenses": -27,
        "The interests of minority shareholders": "N/A",
        "Total Cost of profits": 3456,
        "Profit after tax corporate income": 12056,
        "Volume": 10000000,
        "Close of Quarter": 11.4,
        "EPS": 2257,
        "Non-adjusted EPS": 2257,
        "PE": 5.1,
        "Book Price": 16.3
      }
    },
    {
      "quarter": "Q3 2015",
      "income status": {
        "Net sales": 559037,
        "Cost of goods sold": 540998,
        "Gross Profit": 18039,
        "Financial expenses": "N/A",
        "Of which: Interest expense": "N/A",
        "Cost of sales": 7310,
        "Enterprise cost management": 6648,
        "Total Operating Expenses": 13958,
        "Total revenue financing activities": 1074,
        "Net profit from business activities": 5155,
        "Profit": 10,
        "Profit before tax": 5165,
        "Present corporate income tax expenses": 1136,
        "Deferred income taxes expenses": "N/A",
        "The interests of minority shareholders": "N/A",
        "Total Cost of profits": 1136,
        "Profit after tax corporate income": 4028,
        "Volume": 10000000,
        "Close of Quarter": 11.4,
        "EPS": 1051,
        "Non-adjusted EPS": 1051,
        "PE": 10.9,
        "Book Price": 16.9
      }
    },
    {
      "quarter": "Q2 2015",
      "income status": {
        "Net sales": 767425,
        "Cost of goods sold": 746161,
        "Gross Profit": 21264,
        "Financial expenses": "N/A",
        "Of which: Interest expense": "N/A",
        "Cost of sales": 8103,
        "Enterprise cost management": 5666,
        "Total Operating Expenses": 13769,
        "Total revenue financing activities": 767,
        "Net profit from business activities": 8261,
        "Profit": 43,
        "Profit before tax": 8304,
        "Present corporate income tax expenses": 1821,
        "Deferred income taxes expenses": "N/A",
        "The interests of minority shareholders": "N/A",
        "Total Cost of profits": 1821,
        "Profit after tax corporate income": 6483,
        "Volume": 10000000,
        "Close of Quarter": "N/A",
        "EPS": 648,
        "Non-adjusted EPS": 648,
        "PE": "N/A",
        "Book Price": 16.5
      }
    }
  ]
}